2580 4028
182 407 218 455 111ι
235 409 249 456 5
951 411 1001 465 177

200 578 211 620 1
251 575 332 618 mus.
378 554 412 618 in
441 577 505 639 qua
531 553 675 622 diversas
704 559 825 643 patn'as
849 568 882 624 et
903 560 1002 646 pluri-

199 679 213 722 1
250 680 320 722 mas
343 658 443 722 fuisse
465 659 602 745 legimus
629 661 793 744 civitates,
823 663 1002 748 exquibus

198 783 212 827 3
250 761 430 844 aliquantas
454 761 623 850 designare
646 766 805 848 volumus,
828 765 934 843 idsest

198 887 212 930 4
400 863 622 932 Stamuamum

198 990 211 1034 5
398 967 594 1034 Lamsacum

197 1095 211 1138 6
399 1073 565 1137 Ancarum

197 1201 209 1243 7
399 1176 580 1242 Aulansum

196 1302 210 1345 8
398 1277 512 1345 Saram

196 1403 209 1447 9
397 1382 621 1450 Numuracum

178 1507 209 1552 10
260 1528 263 1534 -
397 1488 590 1552 Alecturum

178 1612 208 1656 11
395 1590 597 1669 Dandarium

178 1715 208 1759 12
296 1677 298 1684 ,
398 1693 552 1759 Oluvium

177 1820 208 1864 13
290 1809 292 1812 ’
395 1799 510 1862 Totale

176 1927 209 1972 14
395 1901 513 1968 Furiae

176 2031 206 2076 15
394 2005 595 2072 Nicerantioi

176 2135 206 2180 16
393 2108 533 2176 Solama.

175 2239 206 2282 17
286 2213 370 2278 Item
401 2214 443 2278 ad
472 2215 566 2280 aliam
595 2223 720 2300 partem
749 2223 825 2278 sunt
848 2215 994 2282 civitates

124 2385 129 2398 ,
175 2343 205 2386 18
243 2339 324 2401 quae
346 2317 498 2384 dicuntur

175 2446 204 2490 19
390 2422 491 2486 Phira
586 2491 592 2504 ⁴

243 2612 254 2654 1
284 2612 309 2656 in
328 2612 416 2669 quibus
435 2611 536 2656 diversis
552 2613 637 2670 patriis
655 2612 719 2658 editi.
775 2613 788 2657 2
818 2611 920 2671 legimus
947 2626 991 2656 om.

240 2681 285 2727 AB
304 2682 368 2728 editi.
396 2681 405 2726 ΙΙ
432 2681 543 2728 civitates
562 2697 607 2729 om.
628 2681 652 2728 C.
712 2683 761 2728 23
790 2697 821 2728 ex
841 2684 928 2740 quibus
948 2683 992 2728 ali-

240 2758 342 2810 quantas
355 2766 400 2798 om.
409 2753 453 2798 AB
466 2751 531 2798 editi.
581 2753 595 2800 5
616 2754 750 2800 Lansacum
764 2753 828 2798 editi.
885 2755 899 2797 6
916 2755 929 2798 7
950 2768 991 2798 an-

239 2822 411 2870 lansumsaram
424 2822 472 2880 BC,
491 2823 727 2881 Analamsumsaram
743 2823 808 2870 editi.
864 2825 877 2868 9
896 2823 991 2868 Mucra-

240 2882 294 2940 cun}
311 2894 330 2940 V
346 2895 387 2938 11.
448 2896 479 2940 10
507 2894 637 2941 alecturam
658 2893 681 2951 C,
700 2895 832 2941 Necturum
851 2895 915 2950 edici,
934 2894 991 2940 Ale-

240 2965 317 3012 cturia
342 2965 363 3009 V
383 2966 431 3022 11,
459 2959 615 3035 Ἀλέκτορος
637 2959 768 3034 φρούριον
797 2966 844 3011 Dio
870 2963 989 3024 Chrysost.

241 3037 271 3082 11
300 3036 461 3092 Dandariuml
485 3036 629 3090 Dandareon
647 3037 726 3083 Vll.
801 3037 832 3081 12
861 3035 988 3092 Oluvium]

238 3105 477 3165 OlivapolisVll?
500 3113 523 3151 et
542 3106 678 3167 Olbiapolis
697 3106 748 3151 173
769 3105 819 3152 13?
884 3109 914 3152 13
943 3107 989 3152 Ta-

238 3177 285 3224 tale
300 3178 321 3223 V
337 3177 379 3222 11.
431 3180 462 3224 14
481 3177 573 3234 Furicel
592 3179 670 3224 Tirice
688 3178 710 3222 V
725 3178 767 3222 11.
819 3177 848 3222 15
869 3176 988 3224 Neceran-

236 3249 298 3295 ticos
316 3249 337 3292 V
351 3249 394 3294 11.
450 3250 480 3294 18
501 3263 562 3306 quae
580 3249 741 3296 dicuntur-
756 3249 804 3294 178
827 3250 855 3294 11
878 3249 988 3294 civitates

237 3333 281 3364 om.
301 3317 325 3366 0.
376 3321 406 3364 19
426 3319 500 3366 Thira
518 3319 576 3365 editi
592 3326 619 3366 ut
635 3319 657 3366 V
671 3320 718 3376 11‚·
730 3317 842 3380 fortasse
859 3319 923 3379 Tyra
941 3323 988 3365 sive

236 3389 312 3449 Tyras
330 3389 404 3436 Plinii
421 3397 444 3436 et
462 3388 572 3436 aliorum.

789 3476 817 3512 12
