2710 4004
214 389 287 437 ΗΟ

234 567 245 608 1
434 533 633 601 Politraeolis

231 665 246 710 2
434 635 600 723 Capriaria

231 769 245 815 a
435 743 546 806 Axera

230 874 245 918 4
433 843 540 931 Spilaa

231 976 245 1022 5
432 947 629 1034 Prophelum

231 1083 245 1127 6
435 1050 573 1118 Galliac.

232 1185 246 1228 ⁷
326 1155 366 1222 In
393 1153 526 1222 Oceano
556 1166 663 1222 autem
690 1153 803 1222 Serieo
829 1154 943 1222 Indiae
972 1156 1037 1220 Ba·

231 1289 246 1332 s
284 1260 426 1326 otrianae
456 1269 488 1324 et
512 1258 647 1346 Caspio,
675 1259 710 1324 id
739 1269 788 1325 est
810 1282 830 1324 a
852 1279 977 1325 summa
999 1281 1038 1326 ae

232 1391 246 1435 9
284 1373 427 1430 extrema
448 1373 539 1451 parte
563 1363 824 1450 septentrionali,
852 1373 929 1430 sunt
949 1364 1038 1430 insu·

216 1495 246 1540 10
283 1468 333 1533 lae
368 1466 520 1554 Scythiae
554 1469 691 1532 maiores
731 1468 870 1534 minores
904 1491 1038 1533 numero

216 1599 245 1644 11
285 1571 479 1656 quindecim,
503 1595 638 1656 quarum
659 1572 790 1636 nomina
808 1571 918 1637 multia
932 1570 1037 1638 modia

216 1701 246 1746 12
284 1675 437 1763 legimus,
471 1673 548 1739 dum
580 1675 722 1760 peccatis
751 1673 989 1762 emergentibus
1018 1697 1038 1739 a

215 1805 247 1850 ra
284 1778 431 1844 barbaris
455 1788 487 1842 et
510 1778 579 1844 sine
601 1778 674 1865 lege
696 1777 880 1844 nationibus
895 1779 966 1864 ipsa
981 1778 1038 1844 do-

216 1907 248 1952 14
284 1884 424 1948 minatur
445 1883 550 1968 patria
564 1891 597 1947 et
611 1882 707 1946 variis
727 1881 893 1948 vocabulis
909 1881 1039 1948 easdem

216 2008 247 2054 15
284 1987 406 2052 insulas
431 1987 604 2072 appellant,
628 1995 660 2050 et
681 1984 755 2050 ideo
778 2008 887 2052 aarum
909 1987 1039 2052 nomina

216 2112 248 2158 16
285 2091 471 2176 reliquimus
495 2088 675 2177 designare.

216 2217 247 2262 17
318 2195 372 2264 30.
418 2195 457 2260 In
479 2197 550 2282 ipso
573 2202 680 2260 autem
696 2190 829 2258 Oceano
849 2196 1039 2281 septentrio·

216 2319 248 2364 18
285 2301 350 2365 nali
371 2309 446 2386 post
461 2298 702 2366 Roxolanorum
716 2298 854 2384 patriam
870 2307 920 2365 est
933 2299 1040 2365 insula

287 2535 300 2580 l
320 2531 485 2592 pelithrasolis
497 2532 528 2578 B.
583 2533 598 2579 2
617 2531 731 2591 (topiaria
742 2531 806 2589 adiri,
825 2525 961 2600 Alyattem
972 2531 1036 2578 Ptol.

286 2603 300 2650 ὁ
321 2602 464 2662 Perphelum
483 2601 547 2648 editi.
614 2604 628 2648 6
655 2608 710 2660 post
727 2601 821 2649 Galliac
841 2601 932 2649 Gaas.
954 2601 984 2648 de
1001 2603 1038 2648 di·

285 2674 360 2719 versis
384 2673 469 2719 insulis
490 2673 577 2733 sythye
600 2673 699 2719 minoris
721 2679 745 2720 et
767 2673 865 2720 maioris
886 2675 912 2719 in
934 2686 1037 2720 occeano

286 2745 362 2790 serico
385 2743 450 2790 indie
472 2743 595 2790 bactriana
618 2749 642 2789 et
666 2743 748 2802 oaspio
770 2743 796 2790 id
813 2747 851 2790 est
868 2758 883 2790 a
900 2757 993 2789 summa
1010 2756 1038 2789 ao

286 2821 395 2861 extrema
420 2819 489 2874 parte
516 2813 704 2874 septentrionali.
781 2815 796 2862 8
825 2819 849 2860 et
871 2813 972 2873 Caspio}
999 2813 1039 2859 vel

285 2885 393 2944 caspium
411 2885 455 2931 AB
474 2885 537 2931 editi.
565 2883 575 2932 ll
601 2898 678 2931 anm.
691 2885 736 2930 AB
754 2885 817 2931 editi.
846 2885 856 2930 11
882 2884 1037 2940 summeAB,

285 2969 391 3002 summae
410 2956 475 3002 adiri.
502 2953 512 3001 ll
537 2958 578 3012 ao]
603 2955 649 3001 hae
667 2954 715 3002 AO.
781 2957 795 3002 9
824 2961 945 3002 extremae
962 2955 1038 3013 partis

285 3027 307 3072 B
326 3026 390 3072 editi.
421 3026 431 3072 ll
462 3025 647 3085 septentrionale
664 3026 693 3084 Α,
722 3025 915 3086 septentrionalia
933 3025 955 3070 Β
973 3025 1037 3070 editi.

288 3098 320 3143 10
349 3097 420 3143 sithie
438 3097 467 3154 A,
494 3097 572 3157 sythie
590 3094 639 3142 Bc.
712 3096 745 3142 14
771 3097 840 3144 varia
856 3095 976 3142 voeabula
993 3095 1037 3141 AB

286 3167 351 3214 editt.
419 3168 449 3214 16
474 3174 531 3226 post
554 3167 678 3226 designare
697 3165 715 3214 0
731 3167 787 3214 add.
807 3167 836 3214 de
854 3165 930 3212 insula
951 3179 1039 3212 scanza

285 3240 310 3284 in
329 3239 381 3298 ipso
405 3251 508 3284 occeano
527 3235 708 3296 septentrionali
730 3243 785 3297 post
806 3235 978 3284 roxolanorum
995 3251 1038 3296 pa-

285 3310 356 3356 triam
375 3309 466 3368 posita,
493 3321 539 3367 qne
562 3315 587 3355 et
610 3307 710 3368 antiqua
727 3309 809 3370 sythia
827 3321 841 3354 a
858 3307 968 3368 plurimis
987 3321 1039 3354 oos-

285 3381 424 3441 mographis
442 3380 537 3427 dieitur.
645 3377 648 3386 '
