2578 4008
189 350 224 398 IV
242 349 276 396 42
963 345 1014 398 ³⁰1

209 515 221 559 1
260 494 447 580 chiliopolin
469 515 540 558 esse
564 501 712 558 asserunt
735 501 785 558 est
806 493 912 578 petria
934 515 1016 578 quae

207 621 222 666 a
260 599 379 664 dicitur
401 595 531 684 Spania.
583 619 665 681 quae
688 595 809 683 Spania
832 595 1016 662 extenditur

207 727 221 770 e
259 704 292 766 in
315 700 486 767 latitudine
516 700 556 767 ab
581 699 714 767 Oceano
737 723 840 785 usque
862 699 905 764 ad
927 725 1015 766 mare

206 830 222 874 4
260 826 412 892 magnum
436 803 617 888 Gallicum,
646 805 734 889 quod
757 813 790 870 et
811 804 1016 871 Balearicum

207 938 221 983 5
258 909 447 995 appellatur.
501 932 597 994 quam
620 908 774 996 Spaniam
802 909 933 994 plurimi
960 907 1016 973 de-

207 1041 221 1086 6
259 1014 457 1099 seripserunt
489 1014 688 1099 philosophi3
728 1037 768 1078 ex
803 1011 919 1096 quibus
954 1036 1015 1100 ego

207 1147 220 1189 7
258 1117 322 1203 legi
345 1119 530 1184 multotiens
554 1117 659 1184 dictos
683 1116 867 1183 Uestorium
891 1126 923 1181 et
937 1116 1015 1182 Lol-

206 1250 221 1294 3
259 1221 381 1286 lienum
419 1231 514 1306 atque
553 1221 759 1287 Arbitionem
796 1220 1016 1286 Romanorum

206 1353 220 1398 9
260 1325 468 1410 philosophos
498 1336 530 1391 et
553 1350 651 1412 supra
678 1327 835 1411 scriptum
857 1325 1015 1390 Aithane—

190 1457 220 1502 10
259 1427 366 1493 ridum
392 1439 424 1493 et
452 1429 693 1494 Heldebaldum
720 1438 817 1513 etque
840 1429 1015 1495 Marcomi-

190 1561 219 1606 11
258 1558 329 1598 rum
361 1532 543 1600 Gothorum
575 1532 795 1620 philosophos.
857 1532 916 1599 sed
949 1558 1015 1600 non

189 1669 220 1713 12
258 1639 434 1730 aequaliter
450 1639 627 1725 praefatam
639 1647 857 1723 exposuerunt
866 1639 1015 1724 patriam,

189 1773 219 1818 13
259 1753 291 1806 et
319 1743 462 1808 eiusdem
489 1743 612 1828 patriae
641 1742 789 1807 civitates
819 1752 852 1808 et
882 1742 1016 1808 flumina

189 1877 221 1921 14
258 1870 323 1910 non
345 1855 558 1911 consonantes
579 1846 835 1930 nominaverunt,
859 1845 917 1912 sed
932 1847 1014 1911 alius

190 1984 219 2029 15
260 1948 343 2014 dixit
365 1951 473 2032 aliter,
504 1951 586 2016 alius
608 1973 685 2014 vero
716 1950 778 2014 alio
802 1949 908 2016 modo.
953 1973 1014 2038 ego

151 2110 154 2116 ,
189 2087 219 2133 16
258 2077 336 2119 vero
352 2053 529 2120 secundum
540 2055 817 2141 praenominatum
830 2052 1014 2121 Castorium

189 2192 219 2237 17
259 2157 459 2244 praedictam
474 2157 628 2244 Spaniam
643 2158 851 2244 eiusdemque
867 2160 1013 2224 civitates

260 2348 453 2408 lehiliopolim
471 2363 522 2396 esse
540 2351 642 2397 assernit
660 2349 725 2408 editi,
747 2363 799 2396 esse
817 2355 911 2398 asserui
927 2349 1014 2409 quilic-

258 2419 327 2478 polin
346 2420 380 2475 A3
406 2421 467 2470 ἐπεὶ
484 2421 530 2469 καὶ
554 2419 581 2470 οἱ
587 2414 752 2505 φάσκοντες
769 2415 912 2474 πλείους
896 2439 912 2485 η
930 2417 1014 2484 χιλίας

257 2481 308 2541 τὰς
334 2489 392 2538 τῶν
402 2483 515 2558 Ἰβήρων
537 2485 658 2573 ὑπάρξαι
680 2487 772 2545 πόλεις
795 2494 841 2543 ἐπὶ
862 2491 947 2542 τοῦτο
965 2493 1013 2556 φέ-

257 2559 359 2645 ρεσθαί
378 2578 426 2627 μοι
450 2557 573 2625 δοκοῦσι,
597 2555 647 2616 τὰς
670 2558 788 2632 μεγάλας
810 2556 901 2628 κώμας
922 2555 1014 2614 πόλεις

259 2625 447 2698 ὀνομάζοντες
466 2633 556 2679 Strabo
570 2635 630 2680 163.
688 2637 699 2680 1
721 2636 736 2680 2
756 2640 793 2679 est
810 2635 891 2693 patrie
903 2645 964 2690 quae
977 2633 1013 2678 di-

258 2705 321 2750 eitur
339 2702 432 2762 Spania
459 2719 504 2750 om.
523 2705 566 2750 AB
590 2706 654 2751 editi.
728 2705 742 2750 2
772 2717 833 2762 quoe
854 2704 957 2764 yspania
983 2703 1012 2748 A

257 2777 273 2820 4
292 2774 451 2821 ballearicum
469 2777 500 2821 B.
543 2779 556 2822 7
576 2775 720 2822 multociens
740 2774 764 2821 0.
784 2775 793 2821 ΙΙ
814 2775 904 2830 dictos]
923 2774 1013 2819 dictum

257 2846 322 2893 editi.
351 2846 360 2892 ΙΙ
387 2847 520 2892 kastorium
542 2845 565 2892 C.
593 2846 603 2892 ii
628 2847 748 2892 lolianum
765 2847 786 2891 A
805 2845 869 2891 editi.
933 2847 946 2890 9
975 2859 1013 2890 ar-

257 2918 412 2964 thenaridum
433 2916 457 2963 C.
516 2917 546 2962 10
566 2918 713 2963 mercfimin'i
731 2931 808 2977 marp.
830 2914 853 2961 C.
908 2917 939 2961 11
955 2921 1023 2973 post.

258 2987 429 3034 Marcomirum
449 2989 494 3034 AB
512 2988 570 3034 editi
588 2988 645 3033 add.
664 3001 706 3034 seu
724 2988 854 3033 castorium
880 2987 890 3032 ii
916 2987 1013 3044 gottho-

258 3073 311 3104 rum
332 3057 355 3104 O.
385 3058 395 3102 il
425 3059 597 3118 philosophum
618 3059 663 3104 AB
682 3059 746 3104 editi.
821 3059 852 3102 12
879 3056 1013 3116 praefetam

258 3143 304 3174 om·
326 3127 350 3175 C.
398 3131 429 3175 13
450 3136 475 3176 et
494 3132 656 3189 (utramque)l
675 3128 715 3174 vel
732 3129 776 3174 AB
794 3128 859 3173 editi.
908 3128 940 3173 14
955 3132 1014 3185 port

258 3200 300 3245 sed
319 3201 364 3245 AB
383 3199 440 3246 editi
458 3201 514 3247 add.
534 3207 566 3247 et.
618 3201 648 3246 15
671 3202 701 3246 16
722 3213 766 3258 ego
780 3202 850 3256 vero]
869 3199 911 3245 sed
922 3211 966 3258 ego
987 3197 1011 3244 0.

260 3271 291 3316 16
310 3272 339 3316 17
353 3271 473 3329 prefatum
486 3273 621 3318 tractorium
633 3271 826 3330 prenominatam
841 3267 864 3316 C.
903 3271 934 3316 17
950 3269 1012 3316 eius-

258 3342 373 3400 demque}
393 3348 417 3386 et
436 3343 542 3388 eiusdem
563 3342 587 3391 C.
