2580 4028
288 348 342 404 ‘2⁵6
1024 349 1060 396 lv
1081 352 1111 398 81

312 521 323 564 1
360 496 558 588 inchoemus,
580 496 614 560 id
638 506 687 562 est
703 521 722 560 a
737 496 867 560 civitate
881 496 1009 577 Arriae,
1033 519 1113 579 quae

310 624 324 668 2
361 602 472 664 finitur
512 602 596 664 inter
630 601 829 684 provinciam
857 598 1048 664 Liburniam
1082 611 1113 663 et

310 727 324 772 3
360 704 499 770 istriam.
556 703 614 768 sed
642 704 718 787 quia
746 703 810 768 iam
838 717 933 768 antea
961 704 1040 768 oliae
1070 705 1115 768 oi-

309 830 324 874 4
359 809 476 874 vitatos
499 808 744 887 nominarim,
774 815 811 875 ut
834 807 1035 874 membratim
1059 831 1112 872 eos

310 935 323 976 e
359 936 417 997 per
440 912 584 998 singulos
600 911 782 996 provincias
801 933 1043 994 exponrrremm,
1066 921 1114 976 ot-

310 1040 323 1083 6
360 1025 469 1079 tamen
492 1024 529 1079 ui
552 1013 770 1100 significemus
787 1036 869 1097 quae
885 1016 950 1080 sint
965 1016 1112 1080 civitates

310 1146 323 1189 7
360 1119 411 1184 vel
435 1119 601 1184 civitatum
623 1118 800 1199 territoria,
829 1117 902 1182 ideo
925 1120 1113 1204 exponimus

309 1247 323 1292 8
360 1221 566 1303 nominando,
592 1221 698 1286 idest

310 1352 323 1394 e
512 1326 610 1390 Areia

293 1455 324 1498 10
513 1427 666 1494 Nessatio

293 1559 322 1601 11
512 1532 594 1596 Pola

293 1661 323 1704 12
513 1634 655 1722 Ruginio
679 1659 737 1700 seu
759 1635 890 1722 Ruigno

293 1767 323 1810 13
511 1739 697 1804 Parentium

293 1870 324 1912 14
511 1842 667 1928 Neapolis

293 1971 322 2016 15
512 1946 664 2032 Humago

365 2209 375 2252 l
406 2206 475 2253 Arsia
498 2221 559 2265 quae
582 2207 711 2252 confinium
734 2207 863 2253 Liburniae
882 2207 1035 2266 Histriaeque
1058 2221 1113 2265 pro-

362 2278 495 2323 vinciarum
512 2283 548 2323 est
567 2277 649 2334 Guido,
668 2279 739 2323 Arsia
757 2277 781 2322 fl.
798 2277 853 2322 Tab.
872 2277 942 2323 Arsia
960 2278 1048 2323 fluvius
1067 2291 1113 2321 me·

361 2355 471 2396 moratur
491 2354 573 2396 nostro
595 2347 664 2409 infra
681 2349 720 2394 IV
736 2348 777 2404 36,
805 2347 892 2404 Plinio,
916 2347 979 2392 aliis.
1008 2346 1041 2407 ef.
1060 2349 1112 2392 v.9

362 2426 384 2466 ec
401 2420 422 2465 V
437 2420 480 2464 11.
536 2421 549 2466 2
578 2419 704 2478 provincia
722 2420 751 2475 A,
779 2418 900 2476 provintia
918 2419 948 2472 Β,
976 2419 1113 2477 provincias

362 2491 426 2536 odiu.
454 2492 463 2535 ΙΙ
489 2490 594 2536 libumia
611 2491 663 2535 ΑΒ.
692 2491 701 2534 ΙΙ
727 2493 764 2546 etl
783 2488 822 2534 vel
840 2490 884 2536 AB
903 2490 966 2535 editi.
1033 2491 1047 2535 3
1076 2491 1113 2534 hi-

360 2563 419 2608 stria
437 2562 467 2618 B,
494 2563 571 2622 ystria
588 2562 616 2618 A,
644 2561 744 2620 ystrium
765 2559 789 2606 0.
859 2562 908 2606 34
938 2561 985 2606 ium
1003 2561 1113 2628 nomimi-

360 2633 438 2679 vimue
461 2638 532 2679 antea
558 2631 619 2678 elius
646 2631 758 2677 civitates
791 2630 815 2677 C.
909 2635 926 2678 4
954 2632 1055 2678 mebrati
1082 2633 1111 2678 B.

362 2705 376 2748 6
405 2705 453 2750 sint
475 2719 519 2749 om.
532 2703 576 2748 ΑΒ
594 2702 658 2747 editi.
686 2701 696 2746 ii
721 2701 773 2759 vel]
796 2709 820 2748 et
840 2702 864 2750 C.
938 2706 951 2748 7
980 2703 1111 2756 territoria}

360 2781 475 2820 terrarum
493 2775 544 2830 AB,
572 2773 718 2818 territorium
737 2773 806 2830 editi,
829 2773 862 2834 cs.
874 2775 926 2820 252
946 2776 969 2830 1,
999 2773 1050 2819 259
1070 2773 1111 2818 12.

360 2845 438 2906 ΙΙιὶᾱεο
457 2845 601 2903 exponimus
619 2843 766 2890 nominando
785 2859 829 2890 om.
850 2847 893 2892 AB
911 2846 976 2892 editi.
1026 2846 1039 2890 9
1068 2845 1113 2888 Ar-

360 2916 407 2970 sia!
427 2914 461 2976 ef.
480 2931 500 2961 v.
512 2915 536 2960 1.
600 2915 630 2958 10
658 2916 766 2962 uessuoio
787 2915 810 2972 G,
830 2916 929 2962 Nesauo
949 2916 1017 2970 editi,
1036 2915 1112 2960 nissa-

363 2988 427 3032 cium
441 2986 468 3044 G,
492 2984 616 3030 Nesatium
631 2983 651 3028 V
667 2984 709 3042 14,
729 2988 870 3037 Νέσακτον
882 2986 955 3040 Ptol„
973 2985 1113 3032 Nesactium

360 3057 424 3104 Plio.
482 3057 512 3102 11
541 3053 614 3110 Pola]
634 3053 667 3114 cf.
682 3056 731 3103 255
753 3059 795 3104 15.
853 3059 883 3106 12
907 3058 1027 3116 Ruvignio
1047 3056 1111 3112 editi,

360 3128 491 3187 ribiugium
506 3126 533 3182 G,
551 3123 648 3186 cf.255
667 3127 709 3172 11.
737 3129 746 3173 ΙΙ
773 3144 815 3176 seu
827 3129 923 3188 Ruigno
936 3143 980 3174 om.
991 3128 1035 3174 AB
1048 3127 1112 3176 editi.

364 3200 394 3244 13
422 3197 559 3244 Parentium
583 3199 653 3244 etiam
675 3199 696 3244 V
716 3200 762 3258 14,
790 3215 835 3246 om.
849 3198 922 3256 Ace,
951 3197 984 3259 cf.
999 3198 1050 3244 255
1072 3198 1111 3242 13.

363 3271 395 3314 14
418 3267 546 3326 Neapolisl
565 3266 664 3328 51255
684 3270 727 3316 12.
783 3273 813 3317 15
838 3284 952 3330 umagum
972 3267 1017 3327 Gis,
1045 3270 1113 3314 vina-

360 3353 417 3398 gum
437 3339 491 3395 G·'‚
509 3338 543 3398 os.
556 3340 608 3386 255
628 3341 670 3386 11.
