<?xml version="1.0" encoding="UTF-8"?>
<!DOCTYPE html PUBLIC "-//W3C//DTD XHTML 1.0 Transitional//EN"
    "http://www.w3.org/TR/xhtml1/DTD/xhtml1-transitional.dtd">
<html xmlns="http://www.w3.org/1999/xhtml" xml:lang="en" lang="en">
 <head>
  <title>
</title>
<meta http-equiv="Content-Type" content="text/html;charset=utf-8" />
  <meta name='ocr-system' content='tesseract 3.04.00' />
  <meta name='ocr-capabilities' content='ocr_page ocr_carea ocr_par ocr_line ocrx_word'/>
</head>
<body>
  <div class='ocr_page' id='page_1' title='image "./ravennatisanony00ravegoog_0471.png"; bbox 0 0 2710 4004; ppageno 0'>
   <div class='ocr_carea' id='block_1_1' title="bbox 296 375 349 430">
    <p class='ocr_par' dir='ltr' id='par_1_1' title="bbox 296 375 349 430">
     <span class='ocr_line' id='line_1_1' title="bbox 296 375 349 430; baseline 0 0"><span class='ocrx_word' id='word_1_1' title='bbox 296 375 349 430; x_wconf 78' lang='grc'>460</span> 
     </span>
    </p>
   </div>
   <div class='ocr_carea' id='block_1_2' title="bbox 266 527 1131 2998">
    <p class='ocr_par' dir='ltr' id='par_1_2' title="bbox 316 527 692 614">
     <span class='ocr_line' id='line_1_2' title="bbox 316 527 692 614; baseline -0.008 -20"><span class='ocrx_word' id='word_1_2' title='bbox 316 548 329 594; x_wconf 87' lang='lat'>1</span> <span class='ocrx_word' id='word_1_3' title='bbox 519 527 692 614; x_wconf 84' lang='lat' dir='ltr'>Aquilegia</span> 
     </span>
    </p>

    <p class='ocr_par' dir='ltr' id='par_1_3' title="bbox 315 632 684 698">
     <span class='ocr_line' id='line_1_3' title="bbox 315 632 684 698; baseline -0.008 -1"><span class='ocrx_word' id='word_1_4' title='bbox 315 650 330 697; x_wconf 77' lang='lat' dir='ltr'>a</span> <span class='ocrx_word' id='word_1_5' title='bbox 518 632 684 698; x_wconf 82' lang='lat' dir='ltr'>Foroiulii.</span> 
     </span>
    </p>

    <p class='ocr_par' dir='ltr' id='par_1_4' title="bbox 315 732 1119 904">
     <span class='ocr_line' id='line_1_4' title="bbox 316 732 1119 821; baseline 0 -23"><span class='ocrx_word' id='word_1_6' title='bbox 316 753 330 798; x_wconf 79' lang='lat' dir='ltr'>a</span> <span class='ocrx_word' id='word_1_7' title='bbox 403 732 453 802; x_wconf 80' lang='lat'>19.</span> <span class='ocrx_word' id='word_1_8' title='bbox 497 735 580 800; x_wconf 85' lang='lat' dir='ltr'><strong>Item</strong></span> <span class='ocrx_word' id='word_1_9' title='bbox 595 736 629 800; x_wconf 92' lang='lat' dir='ltr'>in</span> <span class='ocrx_word' id='word_1_10' title='bbox 643 734 774 821; x_wconf 84' lang='lat' dir='ltr'>regione</span> <span class='ocrx_word' id='word_1_11' title='bbox 786 734 930 800; x_wconf 84' lang='lat' dir='ltr'>Histriae</span> <span class='ocrx_word' id='word_1_12' title='bbox 947 743 1023 799; x_wconf 76' lang='lat' dir='ltr'>sunl</span> <span class='ocrx_word' id='word_1_13' title='bbox 1039 734 1119 798; x_wconf 84' lang='lat' dir='ltr'>civi-</span> 
     </span>
     <span class='ocr_line' id='line_1_5' title="bbox 315 839 666 904; baseline 0.003 -3"><span class='ocrx_word' id='word_1_14' title='bbox 315 854 332 901; x_wconf 78' lang='lat'>4</span> <span class='ocrx_word' id='word_1_15' title='bbox 368 848 452 904; x_wconf 80' lang='lat' dir='ltr'>tates</span> <span class='ocrx_word' id='word_1_16' title='bbox 518 839 666 904; x_wconf 82' lang='lat' dir='ltr'>Treiesta</span> 
     </span>
    </p>

    <p class='ocr_par' dir='ltr' id='par_1_5' title="bbox 317 941 644 1028">
     <span class='ocr_line' id='line_1_6' title="bbox 317 941 644 1028; baseline -0.003 -22"><span class='ocrx_word' id='word_1_17' title='bbox 317 959 332 1006; x_wconf 78' lang='lat'><strong>5</strong></span> <span class='ocrx_word' id='word_1_18' title='bbox 450 1015 452 1018; x_wconf 53' lang='grc'><strong>,</strong></span> <span class='ocrx_word' id='word_1_19' title='bbox 520 941 644 1028; x_wconf 86' lang='lat' dir='ltr'>Sapara</span> 
     </span>
    </p>

    <p class='ocr_par' dir='ltr' id='par_1_6' title="bbox 318 1046 686 1318">
     <span class='ocr_line' id='line_1_7' title="bbox 318 1046 686 1132; baseline 0 -22"><span class='ocrx_word' id='word_1_20' title='bbox 318 1063 332 1110; x_wconf 80' lang='lat' dir='ltr'>s</span> <span class='ocrx_word' id='word_1_21' title='bbox 520 1046 686 1132; x_wconf 85' lang='lat' dir='ltr'>Umagum</span> 
     </span>
     <span class='ocr_line' id='line_1_8' title="bbox 319 1150 679 1236; baseline 0 -22"><span class='ocrx_word' id='word_1_22' title='bbox 319 1169 333 1214; x_wconf 80' lang='lat'>7</span> <span class='ocrx_word' id='word_1_23' title='bbox 521 1150 679 1236; x_wconf 82' lang='lat' dir='ltr'>Neapolis</span> 
     </span>
     <span class='ocr_line' id='line_1_9' title="bbox 318 1254 675 1318; baseline -0.006 0"><span class='ocrx_word' id='word_1_24' title='bbox 318 1272 334 1318; x_wconf 84' lang='lat'>8</span> <span class='ocrx_word' id='word_1_25' title='bbox 521 1254 675 1318; x_wconf 75' lang='lat' dir='ltr'>Parentia</span> 
     </span>
    </p>

    <p class='ocr_par' dir='ltr' id='par_1_7' title="bbox 319 1357 711 1444">
     <span class='ocr_line' id='line_1_10' title="bbox 319 1357 711 1444; baseline 0 -22"><span class='ocrx_word' id='word_1_26' title='bbox 319 1377 333 1422; x_wconf 83' lang='lat'><strong>9</strong></span> <span class='ocrx_word' id='word_1_27' title='bbox 521 1357 711 1444; x_wconf 82' lang='lat' dir='ltr'>Ribingium</span> 
     </span>
    </p>

    <p class='ocr_par' dir='ltr' id='par_1_8' title="bbox 303 1461 615 1525">
     <span class='ocr_line' id='line_1_11' title="bbox 303 1461 615 1525; baseline 0.003 -1"><span class='ocrx_word' id='word_1_28' title='bbox 303 1479 335 1524; x_wconf 86' lang='lat'>10</span> <span class='ocrx_word' id='word_1_29' title='bbox 523 1461 615 1525; x_wconf 89' lang='lat' dir='ltr'>Pola.</span> 
     </span>
    </p>

    <p class='ocr_par' dir='ltr' id='par_1_9' title="bbox 266 1563 1131 2479">
     <span class='ocr_line' id='line_1_12' title="bbox 305 1563 1128 1647; baseline 0.001 -20"><span class='ocrx_word' id='word_1_30' title='bbox 305 1582 335 1628; x_wconf 88' lang='lat'>11</span> <span class='ocrx_word' id='word_1_31' title='bbox 407 1563 460 1633; x_wconf 77' lang='grc'>20.</span> <span class='ocrx_word' id='word_1_32' title='bbox 505 1563 683 1630; x_wconf 88' lang='lat' dir='ltr'>Nominare</span> <span class='ocrx_word' id='word_1_33' title='bbox 695 1564 803 1647; x_wconf 85' lang='lat' dir='ltr'>itaque</span> <span class='ocrx_word' id='word_1_34' title='bbox 814 1563 944 1630; x_wconf 86' lang='lat' dir='ltr'>litoreas</span> <span class='ocrx_word' id='word_1_35' title='bbox 956 1563 1069 1629; x_wconf 80' lang='lat' dir='ltr'>Italiae</span> <span class='ocrx_word' id='word_1_36' title='bbox 1083 1566 1128 1629; x_wconf 87' lang='lat' dir='ltr'>oi·-</span> 
     </span>
     <span class='ocr_line' id='line_1_13' title="bbox 266 1665 1127 1753; baseline -0.005 -18"><span class='ocrx_word' id='word_1_37' title='bbox 266 1716 286 1736; x_wconf 84' lang='lat'><strong>.</strong></span> <span class='ocrx_word' id='word_1_38' title='bbox 305 1687 336 1733; x_wconf 76' lang='lat'>12</span> <span class='ocrx_word' id='word_1_39' title='bbox 373 1667 490 1733; x_wconf 82' lang='lat' dir='ltr'>vitatas</span> <span class='ocrx_word' id='word_1_40' title='bbox 502 1668 624 1749; x_wconf 87' lang='lat' dir='ltr'>volens,</span> <span class='ocrx_word' id='word_1_41' title='bbox 640 1667 680 1734; x_wconf 89' lang='lat' dir='ltr'>ab</span> <span class='ocrx_word' id='word_1_42' title='bbox 696 1665 900 1732; x_wconf 86' lang='lat' dir='ltr'>inferioribus</span> <span class='ocrx_word' id='word_1_43' title='bbox 915 1667 1062 1753; x_wconf 84' lang='lat' dir='ltr'>partibus</span> <span class='ocrx_word' id='word_1_44' title='bbox 1078 1668 1127 1732; x_wconf 92' lang='lat' dir='ltr'>in-</span> 
     </span>
     <span class='ocr_line' id='line_1_14' title="bbox 305 1769 1127 1853; baseline -0.004 -15"><span class='ocrx_word' id='word_1_45' title='bbox 305 1791 337 1838; x_wconf 88' lang='lat' dir='ltr'>1a</span> <span class='ocrx_word' id='word_1_46' title='bbox 376 1771 558 1838; x_wconf 89' lang='lat' dir='ltr'>ohoandum</span> <span class='ocrx_word' id='word_1_47' title='bbox 586 1781 651 1853; x_wconf 83' lang='lat' dir='ltr'>est,</span> <span class='ocrx_word' id='word_1_48' title='bbox 681 1769 716 1836; x_wconf 93' lang='lat' dir='ltr'>id</span> <span class='ocrx_word' id='word_1_49' title='bbox 745 1779 795 1836; x_wconf 75' lang='lat' dir='ltr'>est</span> <span class='ocrx_word' id='word_1_50' title='bbox 822 1794 842 1836; x_wconf 85' lang='lat' dir='ltr'>a</span> <span class='ocrx_word' id='word_1_51' title='bbox 866 1771 996 1836; x_wconf 74' lang='lat' dir='ltr'>civitate</span> <span class='ocrx_word' id='word_1_52' title='bbox 1018 1771 1127 1852; x_wconf 75' lang='lat' dir='ltr'>Arsia,</span> 
     </span>
     <span class='ocr_line' id='line_1_15' title="bbox 305 1873 1129 1960; baseline -0.001 -20"><span class='ocrx_word' id='word_1_53' title='bbox 305 1895 339 1940; x_wconf 83' lang='lat'>14</span> <span class='ocrx_word' id='word_1_54' title='bbox 376 1898 457 1960; x_wconf 86' lang='lat' dir='ltr'>quae</span> <span class='ocrx_word' id='word_1_55' title='bbox 497 1876 671 1941; x_wconf 83' lang='lat' dir='ltr'>confinium</span> <span class='ocrx_word' id='word_1_56' title='bbox 709 1873 886 1940; x_wconf 82' lang='lat' dir='ltr'>Liburniae</span> <span class='ocrx_word' id='word_1_57' title='bbox 919 1873 1129 1959; x_wconf 78' lang='lat' dir='ltr'>Histriaeque</span> 
     </span>
     <span class='ocr_line' id='line_1_16' title="bbox 307 1977 1130 2064; baseline 0 -20"><span class='ocrx_word' id='word_1_58' title='bbox 307 1996 337 2044; x_wconf 79' lang='lat'>15</span> <span class='ocrx_word' id='word_1_59' title='bbox 374 1979 612 2064; x_wconf 84' lang='lat' dir='ltr'>provinciarum</span> <span class='ocrx_word' id='word_1_60' title='bbox 641 1987 699 2043; x_wconf 78' lang='lat' dir='ltr'>est.</span> <span class='ocrx_word' id='word_1_61' title='bbox 756 1977 815 2044; x_wconf 88' lang='lat' dir='ltr'>sod</span> <span class='ocrx_word' id='word_1_62' title='bbox 843 1977 919 2062; x_wconf 89' lang='lat' dir='ltr'>quia</span> <span class='ocrx_word' id='word_1_63' title='bbox 947 1979 1011 2042; x_wconf 86' lang='lat' dir='ltr'>iam</span> <span class='ocrx_word' id='word_1_64' title='bbox 1034 2001 1130 2064; x_wconf 85' lang='lat' dir='ltr'>supe·</span> 
     </span>
     <span class='ocr_line' id='line_1_17' title="bbox 306 2079 1130 2170; baseline -0.002 -20"><span class='ocrx_word' id='word_1_65' title='bbox 306 2103 338 2150; x_wconf 82' lang='lat'>16</span> <span class='ocrx_word' id='word_1_66' title='bbox 375 2082 443 2146; x_wconf 87' lang='lat' dir='ltr'>rius</span> <span class='ocrx_word' id='word_1_67' title='bbox 466 2079 570 2148; x_wconf 83' lang='lat' dir='ltr'>dietas</span> <span class='ocrx_word' id='word_1_68' title='bbox 593 2083 716 2170; x_wconf 83' lang='lat' dir='ltr'>ingessi</span> <span class='ocrx_word' id='word_1_69' title='bbox 739 2083 897 2164; x_wconf 74' lang='lat' dir='ltr'>civitates,</span> <span class='ocrx_word' id='word_1_70' title='bbox 920 2092 956 2146; x_wconf 79' lang='lat' dir='ltr'>ut</span> <span class='ocrx_word' id='word_1_71' title='bbox 971 2081 1130 2148; x_wconf 87' lang='lat' dir='ltr'>membra·</span> 
     </span>
     <span class='ocr_line' id='line_1_18' title="bbox 307 2185 1130 2272; baseline -0.007 -16"><span class='ocrx_word' id='word_1_72' title='bbox 307 2209 338 2256; x_wconf 81' lang='lat'>17</span> <span class='ocrx_word' id='word_1_73' title='bbox 375 2187 435 2250; x_wconf 84' lang='lat' dir='ltr'>tim</span> <span class='ocrx_word' id='word_1_74' title='bbox 458 2207 512 2250; x_wconf 85' lang='lat' dir='ltr'>eas</span> <span class='ocrx_word' id='word_1_75' title='bbox 534 2186 568 2250; x_wconf 91' lang='lat' dir='ltr'>in</span> <span class='ocrx_word' id='word_1_76' title='bbox 590 2208 782 2270; x_wconf 87' lang='lat' dir='ltr'>unaquaque</span> <span class='ocrx_word' id='word_1_77' title='bbox 803 2185 970 2272; x_wconf 82' lang='lat' dir='ltr'>provincia</span> <span class='ocrx_word' id='word_1_78' title='bbox 991 2209 1130 2272; x_wconf 86' lang='lat' dir='ltr'>expone-</span> 
     </span>
     <span class='ocr_line' id='line_1_19' title="bbox 307 2288 1131 2377; baseline -0.005 -18"><span class='ocrx_word' id='word_1_79' title='bbox 307 2312 339 2359; x_wconf 81' lang='lat'>18</span> <span class='ocrx_word' id='word_1_80' title='bbox 376 2313 455 2372; x_wconf 83' lang='lat' dir='ltr'>rem,</span> <span class='ocrx_word' id='word_1_81' title='bbox 483 2312 570 2354; x_wconf 89' lang='lat' dir='ltr'>nuno</span> <span class='ocrx_word' id='word_1_82' title='bbox 593 2288 722 2355; x_wconf 85' lang='lat' dir='ltr'>easdem</span> <span class='ocrx_word' id='word_1_83' title='bbox 744 2313 810 2355; x_wconf 91' lang='lat' dir='ltr'>non</span> <span class='ocrx_word' id='word_1_84' title='bbox 835 2289 1013 2377; x_wconf 80' lang='lat' dir='ltr'>incongrue</span> <span class='ocrx_word' id='word_1_85' title='bbox 1035 2291 1131 2355; x_wconf 76' lang='lat' dir='ltr'>reite-</span> 
     </span>
     <span class='ocr_line' id='line_1_20' title="bbox 307 2392 862 2479; baseline -0.007 -17"><span class='ocrx_word' id='word_1_86' title='bbox 307 2415 340 2462; x_wconf 82' lang='lat'>19</span> <span class='ocrx_word' id='word_1_87' title='bbox 376 2416 451 2459; x_wconf 87' lang='lat' dir='ltr'>rans</span> <span class='ocrx_word' id='word_1_88' title='bbox 474 2392 652 2458; x_wconf 73' lang='lat' dir='ltr'>ordinatius</span> <span class='ocrx_word' id='word_1_89' title='bbox 676 2392 862 2479; x_wconf 82' lang='lat' dir='ltr'>explicabo:</span> 
     </span>
    </p>

    <p class='ocr_par' dir='ltr' id='par_1_10' title="bbox 307 2497 626 2569">
     <span class='ocr_line' id='line_1_21' title="bbox 307 2497 626 2569; baseline 0 -7"><span class='ocrx_word' id='word_1_90' title='bbox 307 2523 340 2569; x_wconf 56' lang='grc' dir='ltr'>πο</span> <span class='ocrx_word' id='word_1_91' title='bbox 527 2497 626 2562; x_wconf 71' lang='lat' dir='ltr'>Arsia</span> 
     </span>
    </p>

    <p class='ocr_par' dir='ltr' id='par_1_11' title="bbox 307 2600 716 2671">
     <span class='ocr_line' id='line_1_22' title="bbox 307 2600 716 2671; baseline -0.015 0"><span class='ocrx_word' id='word_1_92' title='bbox 307 2625 339 2671; x_wconf 71' lang='lat'>21</span> <span class='ocrx_word' id='word_1_93' title='bbox 528 2600 716 2668; x_wconf 82' lang='lat' dir='ltr'>Nissaoium</span> 
     </span>
    </p>

    <p class='ocr_par' dir='ltr' id='par_1_12' title="bbox 307 2704 609 2774">
     <span class='ocr_line' id='line_1_23' title="bbox 307 2704 609 2774; baseline -0.02 0"><span class='ocrx_word' id='word_1_94' title='bbox 307 2727 340 2774; x_wconf 76' lang='lat' dir='ltr'>aa</span> <span class='ocrx_word' id='word_1_95' title='bbox 527 2704 609 2769; x_wconf 86' lang='lat' dir='ltr'>Pola</span> 
     </span>
    </p>

    <p class='ocr_par' dir='ltr' id='par_1_13' title="bbox 308 2807 719 2896">
     <span class='ocr_line' id='line_1_24' title="bbox 308 2807 719 2896; baseline -0.012 -20"><span class='ocrx_word' id='word_1_96' title='bbox 308 2829 341 2876; x_wconf 73' lang='lat' dir='ltr'>aa</span> <span class='ocrx_word' id='word_1_97' title='bbox 528 2807 719 2896; x_wconf 81' lang='lat' dir='ltr'>Ribingium</span> 
     </span>
    </p>

    <p class='ocr_par' dir='ltr' id='par_1_14' title="bbox 309 2911 687 2998">
     <span class='ocr_line' id='line_1_25' title="bbox 309 2911 687 2998; baseline -0.016 -17"><span class='ocrx_word' id='word_1_98' title='bbox 309 2935 341 2981; x_wconf 77' lang='lat'>24</span> <span class='ocrx_word' id='word_1_99' title='bbox 530 2911 687 2998; x_wconf 83' lang='lat' dir='ltr'>Neapolis</span> 
     </span>
    </p>
   </div>
   <div class='ocr_carea' id='block_1_3' title="bbox 309 3015 692 3104">
    <p class='ocr_par' dir='ltr' id='par_1_15' title="bbox 309 3015 692 3104">
     <span class='ocr_line' id='line_1_26' title="bbox 309 3015 692 3104; baseline -0.018 -18"><span class='ocrx_word' id='word_1_100' title='bbox 309 3039 341 3086; x_wconf 77' lang='lat'>25</span> <span class='ocrx_word' id='word_1_101' title='bbox 527 3015 692 3104; x_wconf 84' lang='lat' dir='ltr'>Umagum</span> 
     </span>
    </p>
   </div>
   <div class='ocr_carea' id='block_1_4' title="bbox 381 3129 1134 3349">
    <p class='ocr_par' dir='ltr' id='par_1_16' title="bbox 381 3129 1134 3349">
     <span class='ocr_line' id='line_1_27' title="bbox 414 3129 1098 3193; baseline -0.003 -15"><span class='ocrx_word' id='word_1_102' title='bbox 414 3131 505 3178; x_wconf 75' lang='lat' dir='ltr'>codices</span> <span class='ocrx_word' id='word_1_103' title='bbox 523 3129 596 3193; x_wconf 82' lang='lat' dir='ltr'><strong><em>bfmr.</em></strong></span> <span class='ocrx_word' id='word_1_104' title='bbox 825 3129 858 3193; x_wconf 82' lang='lat' dir='ltr'>of.</span> <span class='ocrx_word' id='word_1_105' title='bbox 871 3131 931 3178; x_wconf 76' lang='lat' dir='ltr'>Rae.</span> <span class='ocrx_word' id='word_1_106' title='bbox 945 3130 996 3178; x_wconf 65' lang='lat'>251</span> <span class='ocrx_word' id='word_1_107' title='bbox 1017 3129 1051 3176; x_wconf 84' lang='lat'>13</span> <span class='ocrx_word' id='word_1_108' title='bbox 1062 3145 1098 3191; x_wconf 77' lang='lat' dir='ltr'>aq.</span> 
     </span>
     <span class='ocr_line' id='line_1_28' title="bbox 381 3215 1133 3278; baseline -0.001 -13"><span class='ocrx_word' id='word_1_109' title='bbox 381 3217 487 3278; x_wconf 71' lang='lat' dir='ltr'>Systrie</span> <span class='ocrx_word' id='word_1_110' title='bbox 499 3215 525 3278; x_wconf 83' lang='lat' dir='ltr'>f,</span> <span class='ocrx_word' id='word_1_111' title='bbox 555 3217 646 3278; x_wconf 82' lang='lat' dir='ltr'>hystrie</span> <span class='ocrx_word' id='word_1_112' title='bbox 663 3231 708 3263; x_wconf 86' lang='lat' dir='ltr'>mr.</span> <span class='ocrx_word' id='word_1_113' title='bbox 746 3219 866 3278; x_wconf 71' lang='lat' dir='ltr'>bsampa</span> <span class='ocrx_word' id='word_1_114' title='bbox 878 3216 905 3278; x_wconf 87' lang='lat' dir='ltr'>f.</span> <span class='ocrx_word' id='word_1_115' title='bbox 947 3219 1095 3278; x_wconf 80' lang='lat' dir='ltr'>8pareneia</span> <span class='ocrx_word' id='word_1_116' title='bbox 1106 3215 1133 3278; x_wconf 85' lang='lat' dir='ltr'>s.</span> 
     </span>
     <span class='ocr_line' id='line_1_29' title="bbox 381 3287 1134 3349; baseline 0.001 -16"><span class='ocrx_word' id='word_1_117' title='bbox 381 3289 526 3347; x_wconf 74' lang='lat' dir='ltr'>eribigium</span> <span class='ocrx_word' id='word_1_118' title='bbox 539 3304 570 3335; x_wconf 88' lang='lat' dir='ltr'>m.</span> <span class='ocrx_word' id='word_1_119' title='bbox 621 3291 651 3334; x_wconf 91' lang='lat'>11</span> <span class='ocrx_word' id='word_1_120' title='bbox 671 3287 745 3348; x_wconf 81' lang='lat' dir='ltr'>ytalie</span> <span class='ocrx_word' id='word_1_121' title='bbox 757 3287 821 3349; x_wconf 77' lang='lat' dir='ltr'><em>fmr.</em></span> <span class='ocrx_word' id='word_1_122' title='bbox 873 3290 904 3334; x_wconf 76' lang='lat'>12</span> <span class='ocrx_word' id='word_1_123' title='bbox 924 3288 1070 3335; x_wconf 77' lang='lat' dir='ltr'>inooandum</span> <span class='ocrx_word' id='word_1_124' title='bbox 1088 3303 1134 3334; x_wconf 81' lang='lat' dir='ltr'>mr.</span> 
     </span>
    </p>
   </div>
   <div class='ocr_carea' id='block_1_5' title="bbox 381 3357 1134 3491">
    <p class='ocr_par' dir='ltr' id='par_1_17' title="bbox 381 3357 1134 3491">
     <span class='ocr_line' id='line_1_30' title="bbox 382 3357 1134 3420; baseline 0.001 -16"><span class='ocrx_word' id='word_1_125' title='bbox 382 3359 413 3404; x_wconf 78' lang='lat'>14</span> <span class='ocrx_word' id='word_1_126' title='bbox 432 3359 553 3418; x_wconf 80' lang='lat' dir='ltr'>ystrquue</span> <span class='ocrx_word' id='word_1_127' title='bbox 566 3357 592 3418; x_wconf 90' lang='lat' dir='ltr'>f,</span> <span class='ocrx_word' id='word_1_128' title='bbox 620 3359 757 3418; x_wconf 77' lang='lat' dir='ltr'>hystrieque</span> <span class='ocrx_word' id='word_1_129' title='bbox 775 3375 805 3406; x_wconf 88' lang='lat' dir='ltr'>m.</span> <span class='ocrx_word' id='word_1_130' title='bbox 862 3361 892 3406; x_wconf 79' lang='lat'>15</span> <span class='ocrx_word' id='word_1_131' title='bbox 912 3365 949 3406; x_wconf 80' lang='lat' dir='ltr'>set</span> <span class='ocrx_word' id='word_1_132' title='bbox 960 3358 987 3420; x_wconf 87' lang='lat' dir='ltr'>s.</span> <span class='ocrx_word' id='word_1_133' title='bbox 1044 3360 1075 3406; x_wconf 82' lang='lat'>19</span> <span class='ocrx_word' id='word_1_134' title='bbox 1095 3373 1134 3406; x_wconf 89' lang='lat' dir='ltr'>or·</span> 
     </span>
     <span class='ocr_line' id='line_1_31' title="bbox 381 3427 1013 3491; baseline 0 -17"><span class='ocrx_word' id='word_1_135' title='bbox 381 3429 489 3474; x_wconf 75' lang='lat' dir='ltr'>dinanius</span> <span class='ocrx_word' id='word_1_136' title='bbox 501 3427 527 3489; x_wconf 91' lang='lat' dir='ltr'>f,</span> <span class='ocrx_word' id='word_1_137' title='bbox 555 3429 679 3475; x_wconf 82' lang='lat' dir='ltr'>ordinatus</span> <span class='ocrx_word' id='word_1_138' title='bbox 697 3445 718 3478; x_wconf 77' lang='lat' dir='ltr'>r.</span> <span class='ocrx_word' id='word_1_139' title='bbox 775 3431 806 3476; x_wconf 80' lang='lat'>25</span> <span class='ocrx_word' id='word_1_140' title='bbox 835 3431 950 3491; x_wconf 80' lang='lat' dir='ltr'>vinagum</span> <span class='ocrx_word' id='word_1_141' title='bbox 968 3445 1013 3476; x_wconf 82' lang='lat' dir='ltr'>mr.</span> 
     </span>
    </p>
   </div>
   <div class='ocr_carea' id='block_1_6' title="bbox 0 0 1373 4004">
    <p class='ocr_par' dir='ltr' id='par_1_18' title="bbox 0 0 1373 4004">
     <span class='ocr_line' id='line_1_32' title="bbox 0 0 1373 4004; baseline 0 0"><span class='ocrx_word' id='word_1_142' title='bbox 0 0 1373 4004; x_wconf 95' lang='lat' dir='ltr'> </span> 
     </span>
    </p>
   </div>
  </div>
 </body>
</html>
