2562 3996
188 367 369 449 orroeos¹
425 339 427 347 Ι
848 333 853 340 ¹
963 363 1018 418 503

209 534 220 577 1
260 511 386 595 piarum
402 511 522 597 Epulia
536 514 756 598 pronuntiant,
779 515 872 598 quasi
886 513 1016 598 epulum

208 636 222 681 a
260 613 294 678 id
311 623 361 679 est
376 615 547 701 prandium
569 626 717 702 paratum
739 617 995 702 omnitempore.

208 741 222 784 a
304 717 403 784 Nona
418 716 628 803 Calabria,
643 743 725 804 quae
739 721 888 807 primitus
904 718 945 784 ab
961 743 1018 785 an-

207 844 223 888 4
260 821 359 904 tiquis
387 822 535 889 Britania
563 823 651 889 diota
678 833 729 890 est
757 823 799 890 ob
829 825 1018 888 immensam

208 947 222 992 t
261 925 460 992 affluentiam
475 929 576 994 totius
593 927 722 994 delitiae
738 937 835 1012 atque
849 927 1016 994 ubertatis.

136 1099 139 1104 ,
208 1051 222 1095 e
260 1031 341 1096 haeo
364 1055 383 1096 a
404 1031 568 1116 superiore
589 1041 682 1118 parte
697 1034 748 1098 sui
763 1055 783 1096 a
796 1055 884 1096 maro
899 1054 1018 1119 magno

209 1157 222 1201 7
261 1131 390 1200 Gallico
414 1157 472 1200 seu
493 1135 629 1200 Tirreno
661 1137 695 1201 in
718 1135 923 1201 Adriaticum
944 1158 1019 1221 pro·

208 1265 222 1310 a
259 1249 399 1304 tractum
410 1240 610 1324 provinciam
621 1239 721 1304 habet
730 1239 921 1322 Lucaniam,
937 1262 1019 1324 quae

208 1369 222 1414 9
260 1344 423 1408 autentico
439 1343 578 1425 nomine,
594 1343 693 1408 idest
709 1365 838 1430 graeao,
852 1343 1020 1409 Leuoania

191 1465 223 1509 10
259 1445 389 1512 dieitur.
823 1525 825 1530 .

192 1571 221 1615 11
304 1551 443 1616 Deoima
465 1553 584 1637 quippe
607 1550 803 1618 describitur
817 1552 851 1616 in
866 1552 955 1616 nullo
971 1553 1019 1616 in-
1042 1615 1044 1620 ,

193 1675 223 1720 12
261 1654 358 1717 ferior
386 1653 570 1738 dapsilitate
605 1654 770 1739 copiarum
798 1655 938 1740 Apuliae
967 1656 1019 1720 vel

194 1782 224 1827 1a
262 1753 444 1838 Calabriae,
474 1757 533 1821 sed
554 1757 658 1843 magis
681 1755 912 1824 abundantior:
937 1781 1018 1844 quae

194 1885 225 1931 14
262 1860 387 1926 scilieet
397 1859 604 1926 Leuoania
619 1859 661 1924 ob
676 1860 813 1925 nitorem
827 1871 1019 1947 prospectus

193 1989 224 2036 15
262 1965 313 2030 sui
335 1965 400 2030 tale
423 1987 540 2029 nomen
562 1965 677 2030 sortita
699 1973 757 2029 est.

194 2097 224 2142 ra
284 2065 340 2136 68.
377 2067 562 2135 Undecima
576 2067 743 2154 provinoia
756 2066 870 2134 Italiae
887 2067 1020 2136 estSa-

193 2199 224 2244 17
261 2174 412 2238 mnium
439 2172 658 2254 nobilissima,
691 2181 728 2238 ut
760 2180 847 2238 retro
879 2172 1018 2238 redeam.

194 2301 225 2346 rs
266 2279 300 2342 in
332 2299 396 2360 qua
423 2288 473 2342 est
484 2276 718 2358 Beneventum
746 2276 869 2342 habens
891 2276 1021 2342 sibimet

194 2403 225 2449 19
263 2380 448 2446 Marsomm
477 2380 642 2466 regionem
672 2401 828 2445 annexam
857 2403 877 2445 a
905 2381 1019 2446 dextro

193 2507 225 2554 ao
263 2484 401 2550 Romam
424 2482 575 2548 euntibus
597 2484 707 2548 latere.

193 2609 225 2655 21
292 2585 511 2652 vDuodecima
539 2597 590 2652 est
613 2585 833 2672 Campania
860 2587 1020 2653 venustis-

193 2712 226 2758 aa
263 2693 344 2756 sima
367 2691 510 2756 omnium
532 2690 730 2756 fertilissima
752 2700 849 2776 atque
872 2690 1020 2756 famosis·

299 2888 391 2934 codices
409 2886 440 2949 bf
455 2895 478 2935 et
496 2890 560 2935 Μαι.
729 2886 763 2949 of.
776 2889 836 2934 Rau.
849 2888 901 2934 248
921 2887 984 2948 7sq.

265 2997 277 3040 1
307 2994 469 3052 pronunciant
488 2996 551 3041 Mat.
607 2995 621 3039 2
650 2994 778 3040 brandium
797 2995 862 3040 Μαι.
922 2993 938 3038 4
965 2991 1020 3039 Bri·

263 3065 354 3110 tamnia
372 3065 436 3110 Μαι.
463 3065 473 3111 t
499 3067 631 3113 inmensam
650 3065 672 3110 b.
711 3067 724 3111 7
744 3065 853 3122 Tin-eno}
872 3065 978 3123 tynrenti
997 3063 1018 3121 b,

263 3136 376 3196 thyrreno
399 3135 464 3182 Mat.
501 3137 511 3183 ΙΙ
545 3137 665 3183 adriatum
688 3135 709 3180 b.
747 3135 756 3182 ΙΙ
790 3139 937 3195 pertractum
954 3135 1019 3180 Μαι.

266 3208 293 3252 11
325 3205 406 3263 nullo]
424 3206 493 3254 nulla
504 3205 530 3268 s.
605 3208 637 3253 13
665 3211 702 3252 set
719 3204 740 3263 f.
768 3205 778 3252 ll
802 3206 983 3252 habundantior
1001 3203 1023 3266 f

263 3278 327 3324 Μαι.
412 3280 442 3324 16
471 3283 508 3324 est
525 3277 601 3338 ytalie
622 3275 649 3338 s.
736 3277 767 3323 19
796 3291 931 3324 connexam
955 3276 1019 3323 Moe.

265 3350 297 3396 22
324 3353 409 3407 atqua]
429 3355 442 3396 a
461 3355 534 3408 atque
546 3347 572 3410 f.
