2710 4004
309 383 372 438 ,456
1007 398 1089 436 omno
1110 390 1140 434 11

340 559 352 602 1
391 554 472 615 cem,
493 531 550 598 ubi
572 533 749 615 minimum,
777 542 906 598 centum
927 533 1062 621 triginta
1082 555 1139 598 ssx

338 662 353 708 2
389 636 486 700 milia.
545 636 705 702 artissima
738 645 788 702 est
816 635 858 702 ad
885 645 1013 722 portum
1045 658 1140 720 quem

338 766 352 812 1
390 736 506 805 Castra
534 739 648 806 dicunt
676 739 887 806 Hannibalis:
920 763 1025 825 neque
1054 741 1139 806 enim

337 873 353 918 4
391 843 519 909 excedit
548 843 762 930 quodraginta
788 844 885 910 milio.
940 843 1139 925 umbilicum,

338 975 352 1020 s
389 956 427 1014 ut
441 947 546 1014 Varro
568 947 679 1030 tradit,
708 948 742 1012 in
764 969 842 1035 agro
865 947 1003 1014 Reatino
1025 946 1138 1026 haben

337 1079 351 1124 o
389 1062 423 1118 at
445 1052 479 1116 in
501 1051 640 1118 solidum
662 1052 802 1136 spatium
823 1052 977 1117 circuitus
998 1052 1140 1118 universi

337 1182 351 1228 1
390 1157 488 1221 vicies
511 1154 702 1242 quadragies
724 1155 835 1220 novies
858 1164 993 1221 centena
1016 1156 1118 1241 sunt.)

336 1287 351 1332 o
411 1257 462 1327 ll.
507 1257 615 1341 Quam
628 1257 780 1324 videlicet
793 1259 1001 1324 novissimam
1013 1259 1141 1326 Italiam

337 1388 352 1434 c
390 1362 521 1449 quidam
541 1361 724 1449 philosophi
746 1361 882 1446 amplius
905 1383 1001 1446 quam
1022 1365 1141 1450 septin-

320 1490 352 1536 10
390 1476 504 1555 gentos
521 1467 666 1532 civitates
681 1463 833 1530 habuisse
844 1463 1005 1549 dixerunt7
1020 1490 1059 1532 ex
1071 1467 1141 1551 qui-

321 1594 351 1640 11
388 1571 451 1637 bus
473 1571 597 1655 sliquos
626 1568 667 1635 ab
690 1566 883 1635 occidentali
904 1571 973 1636 eius
994 1579 1086 1656 parts
1108 1579 1141 1636 et

320 1695 352 1741 11
390 1675 531 1742 claustra
541 1674 676 1760 Alpium
689 1673 846 1759 incipiens
861 1674 967 1756 intuli,
981 1675 1015 1740 in
1029 1674 1140 1760 primis

320 1799 352 1846 11
390 1779 554 1844 civilatem

320 1903 353 1950 14
538 1880 767 1967 Alpendinam,
788 1881 867 1948 item

319 2007 351 2055 11
539 1982 763 2050 Gessobonom

319 2109 351 2155 1s
539 2086 747 2155 Secutionam

320 2213 351 2260 11
541 2189 704 2258 Ocellium

320 2318 351 2364 18
540 2296 639 2361 Fines

320 2421 351 2468 19
540 2397 711 2466 Scaurinis.

422 2659 513 2708 codices
531 2659 604 2722 bfmr.
670 2657 703 2720 cf.
713 2657 790 2706 Solio.
803 2673 824 2706 c.
835 2659 863 2717 2,·
881 2661 940 2706 Rov.
951 2659 1003 2706 219
1022 2659 1054 2705 10
1067 2673 1102 2719 sq.

389 2806 401 2848 1
421 2807 517 2848 contum
530 2801 630 2860 triginta
641 2804 693 2857 sex}
713 2814 812 2848 cxxxvi
830 2815 867 2846 mr
885 2799 989 2847 Solinus.
1039 2802 1053 2847 2
1072 2801 1138 2848 mili·

386 2887 479 2919 ommi·
490 2869 595 2918 Solinus.
650 2873 664 2918 3
684 2873 804 2919 hunibolis
822 2887 844 2926 r,
864 2872 984 2919 annibalis
995 2869 1018 2934 f
1032 2872 1137 2920 Solinus.

387 2946 403 2990 4
431 2944 602 3003 quadraginta}
620 2955 656 2989 ιι,
672 2957 718 2988 mr.
753 2943 764 2990 ΙΙ
798 2942 866 2988 milis
881 2957 926 2988 om.
944 2959 990 2990 mr.
1051 2945 1065 2990 6
1094 2946 1140 2991 oir-

386 3015 465 3062 ouitus
484 3012 519 3075 bs.
574 3016 589 3060 8
613 3012 764 3068 aureolam
783 3013 797 3060 b
816 3012 886 3059 habet
903 3015 932 3060 do
951 3015 1051 3061 urbibus
1063 3014 1138 3062 iulio.

385 3085 396 3132 ΙΙ
408 3085 487 3140 Quom
503 3085 682 3141 videliceteto.l
700 3085 805 3130 Romo.
818 3083 870 3130 219
895 3086 927 3132 10
940 3100 975 3145 sq.
1012 3085 1022 3132 ll
1057 3087 1139 3134 novis-

385 3157 479 3214 simum]
497 3156 673 3204 nobilissimam
684 3155 744 3200 Rau.
800 3155 813 3200 9
841 3155 988 3216 phylosophi
1004 3171 1034 3214 m,
1058 3157 1139 3203 filoso-

385 3228 437 3287 phy
449 3227 471 3274 ὸ.
522 3229 553 3274 10
572 3231 691 3284 exlotm·
741 3226 778 3272 Δ15
797 3226 957 3274 bsssubonom
968 3225 994 3286 s.
1046 3226 1139 3274 1ch

385 3299 517 3353 curionum}
535 3300 629 3344 nonnul
644 3312 660 3342 a
671 3309 718 3343 sec.
730 3311 801 3343 mnu
818 3297 889 3344 habet
904 3313 934 3355 m,
953 3297 1105 3346 sccuclomm
1111 3297 1137 3359 s.

389 3369 419 3412 19
449 3366 581 3425 suminis}
600 3368 721 3416 commitis
738 3383 784 3414 mr.
