<?xml version="1.0" encoding="UTF-8"?>
<!DOCTYPE html PUBLIC "-//W3C//DTD XHTML 1.0 Transitional//EN"
    "http://www.w3.org/TR/xhtml1/DTD/xhtml1-transitional.dtd">
<html xmlns="http://www.w3.org/1999/xhtml" xml:lang="en" lang="en">
 <head>
  <title>
</title>
<meta http-equiv="Content-Type" content="text/html;charset=utf-8" />
  <meta name='ocr-system' content='tesseract 3.04.00' />
  <meta name='ocr-capabilities' content='ocr_page ocr_carea ocr_par ocr_line ocrx_word'/>
</head>
<body>
  <div class='ocr_page' id='page_1' title='image "./ravennatisanony00ravegoog_0519.png"; bbox 0 0 2562 3996; ppageno 0'>
   <div class='ocr_carea' id='block_1_1' title="bbox 268 373 322 426">
    <p class='ocr_par' dir='ltr' id='par_1_1' title="bbox 268 373 322 426">
     <span class='ocr_line' id='line_1_1' title="bbox 268 373 322 426; baseline 0 0"><span class='ocrx_word' id='word_1_1' title='bbox 268 373 322 426; x_wconf 76' lang='lat'>518</span> 
     </span>
    </p>
   </div>
   <div class='ocr_carea' id='block_1_2' title="bbox 290 522 911 1210">
    <p class='ocr_par' dir='ltr' id='par_1_2' title="bbox 292 522 647 588">
     <span class='ocr_line' id='line_1_2' title="bbox 292 522 647 588; baseline -0.003 0"><span class='ocrx_word' id='word_1_2' title='bbox 292 544 304 588; x_wconf 93' lang='lat'>1</span> <span class='ocrx_word' id='word_1_3' title='bbox 494 522 647 588; x_wconf 85' lang='lat' dir='ltr'>Parasica</span> 
     </span>
    </p>

    <p class='ocr_par' dir='ltr' id='par_1_3' title="bbox 290 624 627 691">
     <span class='ocr_line' id='line_1_3' title="bbox 290 624 627 691; baseline 0.003 -1"><span class='ocrx_word' id='word_1_4' title='bbox 290 648 305 690; x_wconf 81' lang='lat' dir='ltr'><strong>a</strong></span> <span class='ocrx_word' id='word_1_5' title='bbox 494 624 627 691; x_wconf 77' lang='lat' dir='ltr'>Colonia</span> 
     </span>
    </p>

    <p class='ocr_par' dir='ltr' id='par_1_4' title="bbox 290 730 624 796">
     <span class='ocr_line' id='line_1_4' title="bbox 290 730 624 796; baseline 0 -2"><span class='ocrx_word' id='word_1_6' title='bbox 290 749 305 794; x_wconf 83' lang='lat' dir='ltr'>s</span> <span class='ocrx_word' id='word_1_7' title='bbox 494 730 624 796; x_wconf 79' lang='lat' dir='ltr'><strong>Zaccha</strong></span> 
     </span>
    </p>

    <p class='ocr_par' dir='ltr' id='par_1_5' title="bbox 290 832 911 1000">
     <span class='ocr_line' id='line_1_5' title="bbox 290 832 911 900; baseline 0.003 -5"><span class='ocrx_word' id='word_1_8' title='bbox 290 853 305 895; x_wconf 78' lang='grc'><strong>1</strong></span> <span class='ocrx_word' id='word_1_9' title='bbox 494 833 745 900; x_wconf 75' lang='lat' dir='ltr'><strong>Monumentum</strong></span> <span class='ocrx_word' id='word_1_10' title='bbox 767 832 911 900; x_wconf 82' lang='lat' dir='ltr'>Annibal</span> 
     </span>
     <span class='ocr_line' id='line_1_6' title="bbox 290 955 304 1000; baseline 0 0"><span class='ocrx_word' id='word_1_11' title='bbox 290 955 304 1000; x_wconf 82' lang='lat'>5</span> 
     </span>
    </p>

    <p class='ocr_par' dir='ltr' id='par_1_6' title="bbox 290 1062 304 1106">
     <span class='ocr_line' id='line_1_7' title="bbox 290 1062 304 1106; baseline 0 0"><span class='ocrx_word' id='word_1_12' title='bbox 290 1062 304 1106; x_wconf 80' lang='lat' dir='ltr'><strong>a</strong></span> 
     </span>
    </p>

    <p class='ocr_par' dir='ltr' id='par_1_7' title="bbox 291 1166 304 1210">
     <span class='ocr_line' id='line_1_8' title="bbox 291 1166 304 1210; baseline 0 0"><span class='ocrx_word' id='word_1_13' title='bbox 291 1166 304 1210; x_wconf 82' lang='lat'>⁷</span> 
     </span>
    </p>
   </div>
   <div class='ocr_carea' id='block_1_3' title="bbox 493 936 607 1001">
    <p class='ocr_par' dir='ltr' id='par_1_8' title="bbox 493 936 607 1001">
     <span class='ocr_line' id='line_1_9' title="bbox 493 936 607 1001; baseline 0.009 -1"><span class='ocrx_word' id='word_1_14' title='bbox 493 936 607 1001; x_wconf 88' lang='lat' dir='ltr'><strong>Mazar</strong></span> 
     </span>
    </p>
   </div>
   <div class='ocr_carea' id='block_1_4' title="bbox 289 1041 1097 1335">
    <p class='ocr_par' dir='ltr' id='par_1_9' title="bbox 289 1041 1097 1335">
     <span class='ocr_line' id='line_1_10' title="bbox 493 1041 640 1106; baseline 0.007 -1"><span class='ocrx_word' id='word_1_15' title='bbox 493 1041 640 1106; x_wconf 80' lang='lat' dir='ltr'><strong>Tacatua</strong></span> 
     </span>
     <span class='ocr_line' id='line_1_11' title="bbox 492 1143 668 1210; baseline -0.006 0"><span class='ocrx_word' id='word_1_16' title='bbox 492 1143 668 1210; x_wconf 79' lang='lat' dir='ltr'>Suluuoum</span> 
     </span>
     <span class='ocr_line' id='line_1_12' title="bbox 289 1247 1097 1335; baseline 0 -23"><span class='ocrx_word' id='word_1_17' title='bbox 289 1269 304 1312; x_wconf 83' lang='lat'>8</span> <span class='ocrx_word' id='word_1_18' title='bbox 494 1247 613 1333; x_wconf 89' lang='lat' dir='ltr'>Ypona</span> <span class='ocrx_word' id='word_1_19' title='bbox 634 1249 734 1334; x_wconf 83' lang='lat' dir='ltr'>regia,</span> <span class='ocrx_word' id='word_1_20' title='bbox 763 1250 797 1312; x_wconf 92' lang='lat' dir='ltr'>in</span> <span class='ocrx_word' id='word_1_21' title='bbox 819 1271 883 1332; x_wconf 87' lang='lat' dir='ltr'>qua</span> <span class='ocrx_word' id='word_1_22' title='bbox 905 1248 1097 1335; x_wconf 87' lang='lat' dir='ltr'>gloriosissi-</span> 
     </span>
    </p>
   </div>
   <div class='ocr_carea' id='block_1_5' title="bbox 266 1349 1097 3098">
    <p class='ocr_par' dir='ltr' id='par_1_10' title="bbox 273 1349 1097 1542">
     <span class='ocr_line' id='line_1_13' title="bbox 290 1349 1097 1418; baseline 0.001 -4"><span class='ocrx_word' id='word_1_23' title='bbox 290 1370 303 1413; x_wconf 80' lang='grc'><strong>0</strong></span> <span class='ocrx_word' id='word_1_24' title='bbox 342 1374 413 1415; x_wconf 87' lang='lat' dir='ltr'>mus</span> <span class='ocrx_word' id='word_1_25' title='bbox 436 1361 469 1415; x_wconf 89' lang='lat' dir='ltr'>et</span> <span class='ocrx_word' id='word_1_26' title='bbox 491 1351 634 1415; x_wconf 89' lang='lat' dir='ltr'>omnium</span> <span class='ocrx_word' id='word_1_27' title='bbox 649 1349 764 1416; x_wconf 78' lang='lat' dir='ltr'>doctor</span> <span class='ocrx_word' id='word_1_28' title='bbox 785 1351 968 1418; x_wconf 86' lang='lat' dir='ltr'>affluentior</span> <span class='ocrx_word' id='word_1_29' title='bbox 983 1351 1097 1416; x_wconf 80' lang='lat' dir='ltr'>doctor</span> 
     </span>
     <span class='ocr_line' id='line_1_14' title="bbox 273 1453 1022 1542; baseline 0.005 -27"><span class='ocrx_word' id='word_1_30' title='bbox 273 1472 303 1515; x_wconf 87' lang='lat'>10</span> <span class='ocrx_word' id='word_1_31' title='bbox 342 1455 563 1520; x_wconf 84' lang='lat' dir='ltr'>sanctissimus</span> <span class='ocrx_word' id='word_1_32' title='bbox 585 1453 785 1540; x_wconf 83' lang='lat' dir='ltr'>resplenduit</span> <span class='ocrx_word' id='word_1_33' title='bbox 806 1455 1022 1542; x_wconf 77' lang='lat' dir='ltr'>Augustinus,</span> 
     </span>
    </p>

    <p class='ocr_par' dir='ltr' id='par_1_11' title="bbox 272 1555 620 1623">
     <span class='ocr_line' id='line_1_15' title="bbox 272 1555 620 1623; baseline 0 -3"><span class='ocrx_word' id='word_1_34' title='bbox 272 1577 302 1620; x_wconf 92' lang='lat'>11</span> <span class='ocrx_word' id='word_1_35' title='bbox 492 1555 620 1623; x_wconf 88' lang='lat' dir='ltr'>Ubbus.</span> 
     </span>
    </p>

    <p class='ocr_par' dir='ltr' id='par_1_12' title="bbox 270 1661 1096 2058">
     <span class='ocr_line' id='line_1_16' title="bbox 273 1661 1094 1748; baseline 0.001 -22"><span class='ocrx_word' id='word_1_36' title='bbox 273 1682 303 1726; x_wconf 80' lang='lat'>12</span> <span class='ocrx_word' id='word_1_37' title='bbox 384 1661 489 1747; x_wconf 81' lang='lat' dir='ltr'>Igitur</span> <span class='ocrx_word' id='word_1_38' title='bbox 511 1684 531 1724; x_wconf 92' lang='lat' dir='ltr'><strong>a</strong></span> <span class='ocrx_word' id='word_1_39' title='bbox 553 1662 683 1726; x_wconf 78' lang='lat' dir='ltr'>civitate</span> <span class='ocrx_word' id='word_1_40' title='bbox 706 1665 849 1748; x_wconf 85' lang='lat' dir='ltr'>praelata</span> <span class='ocrx_word' id='word_1_41' title='bbox 870 1661 1010 1728; x_wconf 82' lang='lat' dir='ltr'><strong>Cesarea</strong></span> <span class='ocrx_word' id='word_1_42' title='bbox 1024 1663 1094 1727; x_wconf 93' lang='lat' dir='ltr'>Au-</span> 
     </span>
     <span class='ocr_line' id='line_1_17' title="bbox 271 1764 1096 1853; baseline 0 -23"><span class='ocrx_word' id='word_1_43' title='bbox 271 1785 303 1830; x_wconf 78' lang='lat'>18</span> <span class='ocrx_word' id='word_1_44' title='bbox 341 1774 479 1852; x_wconf 75' lang='lat' dir='ltr'>gustans</span> <span class='ocrx_word' id='word_1_45' title='bbox 501 1787 603 1849; x_wconf 89' lang='lat' dir='ltr'>usque</span> <span class='ocrx_word' id='word_1_46' title='bbox 625 1765 668 1830; x_wconf 89' lang='lat' dir='ltr'>ad</span> <span class='ocrx_word' id='word_1_47' title='bbox 690 1767 775 1832; x_wconf 83' lang='lat' dir='ltr'>hano</span> <span class='ocrx_word' id='word_1_48' title='bbox 795 1767 1004 1853; x_wconf 84' lang='lat' dir='ltr'>praemissam</span> <span class='ocrx_word' id='word_1_49' title='bbox 1024 1764 1096 1832; x_wconf 91' lang='lat' dir='ltr'>Ub-</span> 
     </span>
     <span class='ocr_line' id='line_1_18' title="bbox 271 1868 1095 1954; baseline 0.002 -22"><span class='ocrx_word' id='word_1_50' title='bbox 271 1889 303 1932; x_wconf 83' lang='lat'>14</span> <span class='ocrx_word' id='word_1_51' title='bbox 340 1868 416 1934; x_wconf 91' lang='lat' dir='ltr'>bum</span> <span class='ocrx_word' id='word_1_52' title='bbox 439 1891 497 1954; x_wconf 82' lang='lat' dir='ltr'>per</span> <span class='ocrx_word' id='word_1_53' title='bbox 525 1891 582 1933; x_wconf 91' lang='lat' dir='ltr'>ora</span> <span class='ocrx_word' id='word_1_54' title='bbox 609 1871 706 1934; x_wconf 88' lang='lat' dir='ltr'>maris</span> <span class='ocrx_word' id='word_1_55' title='bbox 730 1871 877 1936; x_wconf 76' lang='lat' dir='ltr'>civitates</span> <span class='ocrx_word' id='word_1_56' title='bbox 899 1880 976 1936; x_wconf 87' lang='lat' dir='ltr'>sunt</span> <span class='ocrx_word' id='word_1_57' title='bbox 1002 1889 1040 1934; x_wconf 77' lang='lat' dir='ltr'>Lx</span> <span class='ocrx_word' id='word_1_58' title='bbox 1063 1880 1095 1935; x_wconf 85' lang='lat' dir='ltr'>et</span> 
     </span>
     <span class='ocr_line' id='line_1_19' title="bbox 270 1973 1041 2058; baseline -0.004 -18"><span class='ocrx_word' id='word_1_59' title='bbox 270 1995 302 2040; x_wconf 73' lang='lat' dir='ltr'>ss</span> <span class='ocrx_word' id='word_1_60' title='bbox 341 1982 559 2058; x_wconf 85' lang='lat' dir='ltr'>supputantur</span> <span class='ocrx_word' id='word_1_61' title='bbox 580 1973 717 2038; x_wconf 85' lang='lat' dir='ltr'>miliaria</span> <span class='ocrx_word' id='word_1_62' title='bbox 737 1975 824 2040; x_wconf 87' lang='lat' dir='ltr'>mille</span> <span class='ocrx_word' id='word_1_63' title='bbox 847 1973 1041 2058; x_wconf 84' lang='lat' dir='ltr'>quindecim.</span> 
     </span>
    </p>

    <p class='ocr_par' dir='ltr' id='par_1_13' title="bbox 269 2075 1066 2250">
     <span class='ocr_line' id='line_1_20' title="bbox 270 2075 1066 2162; baseline -0.003 -18"><span class='ocrx_word' id='word_1_64' title='bbox 270 2100 301 2144; x_wconf 83' lang='grc'>10</span> <span class='ocrx_word' id='word_1_65' title='bbox 373 2075 427 2143; x_wconf 77' lang='grc' dir='ltr'>ΒἿ.</span> <span class='ocrx_word' id='word_1_66' title='bbox 473 2076 645 2142; x_wconf 83' lang='lat' dir='ltr'>Praeterea</span> <span class='ocrx_word' id='word_1_67' title='bbox 666 2086 742 2162; x_wconf 89' lang='lat' dir='ltr'>post</span> <span class='ocrx_word' id='word_1_68' title='bbox 763 2078 821 2144; x_wconf 88' lang='lat' dir='ltr'>has</span> <span class='ocrx_word' id='word_1_69' title='bbox 846 2080 992 2143; x_wconf 80' lang='lat' dir='ltr'>civitates</span> <span class='ocrx_word' id='word_1_70' title='bbox 1017 2087 1066 2142; x_wconf 83' lang='lat' dir='ltr'>est</span> 
     </span>
     <span class='ocr_line' id='line_1_21' title="bbox 269 2182 704 2250; baseline 0.007 -8"><span class='ocrx_word' id='word_1_71' title='bbox 269 2206 301 2250; x_wconf 79' lang='lat'>17</span> <span class='ocrx_word' id='word_1_72' title='bbox 489 2182 704 2246; x_wconf 63' lang='lat' dir='ltr'>Ammoniacus</span> 
     </span>
    </p>

    <p class='ocr_par' dir='ltr' id='par_1_14' title="bbox 270 2285 592 2352">
     <span class='ocr_line' id='line_1_22' title="bbox 270 2285 592 2352; baseline -0.009 0"><span class='ocrx_word' id='word_1_73' title='bbox 270 2309 301 2352; x_wconf 82' lang='lat'>18</span> <span class='ocrx_word' id='word_1_74' title='bbox 488 2285 592 2350; x_wconf 90' lang='lat' dir='ltr'>Biana</span> 
     </span>
    </p>

    <p class='ocr_par' dir='ltr' id='par_1_15' title="bbox 269 2388 618 2458">
     <span class='ocr_line' id='line_1_23' title="bbox 269 2388 618 2458; baseline -0.014 -1"><span class='ocrx_word' id='word_1_75' title='bbox 269 2414 300 2458; x_wconf 83' lang='lat'>19</span> <span class='ocrx_word' id='word_1_76' title='bbox 489 2388 618 2453; x_wconf 87' lang='lat' dir='ltr'>Tunida</span> 
     </span>
    </p>

    <p class='ocr_par' dir='ltr' id='par_1_16' title="bbox 268 2493 659 2561">
     <span class='ocr_line' id='line_1_24' title="bbox 268 2493 659 2561; baseline -0.008 0"><span class='ocrx_word' id='word_1_77' title='bbox 268 2517 300 2561; x_wconf 79' lang='lat'>20</span> <span class='ocrx_word' id='word_1_78' title='bbox 488 2493 659 2558; x_wconf 82' lang='lat' dir='ltr'><strong>Tabraoha</strong></span> 
     </span>
    </p>

    <p class='ocr_par' dir='ltr' id='par_1_17' title="bbox 267 2595 692 2682">
     <span class='ocr_line' id='line_1_25' title="bbox 267 2595 692 2682; baseline 0.005 -23"><span class='ocrx_word' id='word_1_79' title='bbox 267 2623 298 2667; x_wconf 83' lang='lat'>21</span> <span class='ocrx_word' id='word_1_80' title='bbox 487 2595 692 2682; x_wconf 87' lang='lat' dir='ltr'>Ipposretum</span> 
     </span>
    </p>

    <p class='ocr_par' dir='ltr' id='par_1_18' title="bbox 267 2700 612 2770">
     <span class='ocr_line' id='line_1_26' title="bbox 267 2700 612 2770; baseline 0.003 -7"><span class='ocrx_word' id='word_1_81' title='bbox 267 2725 299 2770; x_wconf 77' lang='lat'>22</span> <span class='ocrx_word' id='word_1_82' title='bbox 489 2700 612 2764; x_wconf 85' lang='lat' dir='ltr'>Tumsa</span> 
     </span>
    </p>

    <p class='ocr_par' dir='ltr' id='par_1_19' title="bbox 266 2803 671 2874">
     <span class='ocr_line' id='line_1_27' title="bbox 266 2803 671 2874; baseline 0 -6"><span class='ocrx_word' id='word_1_83' title='bbox 266 2829 299 2874; x_wconf 78' lang='lat'>23</span> <span class='ocrx_word' id='word_1_84' title='bbox 488 2803 671 2870; x_wconf 87' lang='lat' dir='ltr'>Menbrona</span> 
     </span>
    </p>

    <p class='ocr_par' dir='ltr' id='par_1_20' title="bbox 266 2907 586 2978">
     <span class='ocr_line' id='line_1_28' title="bbox 266 2907 586 2978; baseline 0 -6"><span class='ocrx_word' id='word_1_85' title='bbox 266 2933 299 2978; x_wconf 81' lang='lat'>24</span> <span class='ocrx_word' id='word_1_86' title='bbox 486 2907 586 2973; x_wconf 83' lang='lat' dir='ltr'>Utica</span> 
     </span>
    </p>

    <p class='ocr_par' dir='ltr' id='par_1_21' title="bbox 266 3008 870 3098">
     <span class='ocr_line' id='line_1_29' title="bbox 266 3008 870 3098; baseline -0.007 -18"><span class='ocrx_word' id='word_1_87' title='bbox 266 3036 297 3080; x_wconf 78' lang='grc'><strong>15</strong></span> <span class='ocrx_word' id='word_1_88' title='bbox 489 3008 621 3076; x_wconf 87' lang='lat' dir='ltr'>Gallum</span> <span class='ocrx_word' id='word_1_89' title='bbox 643 3012 870 3098; x_wconf 82' lang='lat' dir='ltr'>gallinacoium</span> 
     </span>
    </p>
   </div>
   <div class='ocr_carea' id='block_1_6' title="bbox 338 3235 1053 3419">
    <p class='ocr_par' dir='ltr' id='par_1_22' title="bbox 338 3235 1053 3419">
     <span class='ocr_line' id='line_1_30' title="bbox 371 3235 1053 3300; baseline 0.01 -21"><span class='ocrx_word' id='word_1_90' title='bbox 371 3235 444 3280; x_wconf 73' lang='lat' dir='ltr'>codar</span> <span class='ocrx_word' id='word_1_91' title='bbox 462 3235 485 3280; x_wconf 82' lang='lat' dir='ltr'>b.</span> <span class='ocrx_word' id='word_1_92' title='bbox 799 3236 833 3297; x_wconf 87' lang='lat' dir='ltr'>cf.</span> <span class='ocrx_word' id='word_1_93' title='bbox 846 3239 905 3284; x_wconf 78' lang='lat' dir='ltr'>Rau.</span> <span class='ocrx_word' id='word_1_94' title='bbox 919 3239 971 3286; x_wconf 75' lang='lat'>347</span> <span class='ocrx_word' id='word_1_95' title='bbox 992 3239 1006 3283; x_wconf 93' lang='lat'><em>7</em></span> <span class='ocrx_word' id='word_1_96' title='bbox 1019 3255 1053 3300; x_wconf 76' lang='lat' dir='ltr'>sq.</span> 
     </span>
     <span class='ocr_line' id='line_1_31' title="bbox 338 3357 819 3419; baseline 0.012 -19"><span class='ocrx_word' id='word_1_97' title='bbox 338 3357 368 3400; x_wconf 82' lang='lat'>14</span> <span class='ocrx_word' id='word_1_98' title='bbox 396 3359 444 3412; x_wconf 79' lang='lat' dir='ltr'>uxl</span> <span class='ocrx_word' id='word_1_99' title='bbox 463 3365 517 3402; x_wconf 77' lang='lat' dir='ltr'>namt</span> <span class='ocrx_word' id='word_1_100' title='bbox 535 3361 707 3419; x_wconf 72' lang='lat' dir='ltr'>quinquaqinta</span> <span class='ocrx_word' id='word_1_101' title='bbox 724 3365 819 3418; x_wconf 64' lang='lat' dir='ltr'>surtran.</span> 
     </span>
    </p>
   </div>
   <div class='ocr_carea' id='block_1_7' title="bbox 0 0 1286 3996">
    <p class='ocr_par' dir='ltr' id='par_1_23' title="bbox 0 0 1286 3996">
     <span class='ocr_line' id='line_1_32' title="bbox 0 0 1286 3996; baseline 0 3"><span class='ocrx_word' id='word_1_102' title='bbox 0 0 1286 3996; x_wconf 95' lang='lat' dir='ltr'> </span> 
     </span>
    </p>
   </div>
  </div>
 </body>
</html>
