2578 4008
304 569 317 614 1

303 671 318 715 2

304 774 318 818 8

303 877 319 920 4

228 989 235 996 “
304 978 318 1024 5

304 1081 319 1124 6

304 1185 318 1230 7

304 1289 319 1333 8

305 1393 319 1437 9

289 1499 319 1544 10

288 1602 319 1646 11

288 1704 320 1748 12

288 1808 320 1852 18

256 1910 258 1915 ’
288 1909 321 1956 14

288 2011 320 2058 1⁶

289 2117 321 2162 16

289 2221 320 2266 17

289 2323 321 2370 18

288 2425 321 2473 19

287 2531 321 2578 10

288 2635 320 2683 21

505 545 656 610 Beldalin

504 651 622 738 Erguti

505 753 644 819 Beturri

389 855 442 925 44.
493 857 615 922 lterum
644 854 804 941 quomodo
834 856 867 918 in
900 854 1006 919 media
1032 879 1106 940 pro-

356 961 463 1024 vincia
484 961 585 1046 ipsius
614 961 736 1046 patriae
759 957 897 1044 Spauiae
921 957 1038 1023 dicitur
1061 959 1106 1022 ci-

357 1063 439 1127 vitas

508 1164 732 1251 Complutum,
767 1167 857 1230 cuius
892 1166 1028 1231 affinalis
1057 1175 1106 1230 est

358 1271 473 1336 civitae
497 1293 579 1354 quae
602 1268 719 1333 dicitur

506 1373 653 1454 Titurio,
675 1373 752 1436 item
776 1371 888 1436 civitas

507 1478 644 1542 Toleton

506 1579 638 1647 Lebura

508 1683 729 1770 Augustebria

508 1787 679 1853 Lomundo

509 1891 683 1956 Turcalion

509 1995 651 2060 Rodacis

507 2099 660 2185 Lacipea.

402 2204 525 2269 Iterum
555 2203 597 2268 ad
625 2204 721 2268 aliam
749 2213 873 2289 partem
895 2204 986 2267 iuxta
1006 2204 1109 2289 ipsam

359 2309 521 2374 civitatem
534 2304 742 2394 Complutum
754 2306 872 2371 dicitur
887 2307 1000 2372 civitas
1014 2307 1050 2372 id
1061 2317 1109 2373 est

508 2409 663 2477 Pirascon

509 2514 677 2580 Albeceia·

508 2616 619 2686 Cauca

360 2735 374 2780 2
401 2735 502 2795 Erguti}
523 2729 665 2805 Ἐργαονία
691 2733 755 2780 Ptol.
838 2736 851 2780 3
882 2735 948 2784 Berri
966 2736 1034 2792 editi,
1064 2739 1109 2784 Βι-

357 2811 447 2877 τουρίς
464 2806 528 2854 Ptol.
584 2807 709 2865 oportue
727 2820 771 2852 om.
800 2805 864 2852 editi.
920 2805 1109 2866 YComplutum

358 2879 428 2924 etiem
445 2879 509 2935 Ant,
530 2877 647 2936 conplutu
658 2877 689 2934 B,
708 2868 891 2928 Kivulovwv
904 2876 968 2923 Ptol.
987 2878 997 2924 11
1017 2876 1109 2926 11111111

358 2949 381 2994 Β
398 2950 485 2996 Porct.
513 2949 523 2994 ll
545 2952 585 2994 est
602 2962 647 2994 om.
660 2949 682 2994 B
700 2949 763 2994 editi.
820 2947 975 3006 9titulieA,
993 2948 1109 2996 titultium

359 3019 402 3067 BC
412 3021 476 3078 editi,
496 3018 625 3066 Timlcium
634 3021 698 3078 Ant,
721 3014 861 3070 Trwvlula
871 3019 935 3066 Pol.
987 3021 1018 3066 10
1038 3019 1109 3064 Tole-

358 3096 411 3137 tum
418 3093 483 3149 Art,
500 3083 628 3153 Τώλητον
637 3089 701 3137 Ptol.
750 3093 780 3136 11
797 3090 910 3148 'Lebural
923 3084 1034 3161 Λιβόρα
1045 3089 1109 3136 Ptol.

361 3163 392 3208 12
411 3162 592 3222 Augustobriga
602 3161 658 3208 Aut.
673 3177 700 3220 p.
711 3161 762 3208 209
775 3161 811 3207 ed.
823 3168 928 3218 coatrae,
949 3153 1110 3230 Ari'yovoro·

357 3236 439 3302 βρίγα
450 3232 514 3280 Ptol.
554 3234 584 3279 13
603 3232 759 3283 lomondoA.
798 3234 829 3280 16
848 3233 954 3292 Lacipea
972 3237 1042 3280 etiam
1053 3235 1109 3278 Act.

361 3306 391 3351 17
422 3303 483 3350 Item
501 3303 566 3350 editi.
624 3305 654 3350 18
683 3305 797 3364 complito
819 3305 871 3363 AB,
896 3303 1026 3364 Compluto
1047 3303 1111 3349 editi.

361 3375 392 3420 19
420 3375 531 3432 pitascon
548 3372 596 3420 Ac.
666 3377 699 3422 20
731 3375 857 3432 Albeceia}
889 3374 1006 3421 Albocela
1038 3372 1113 3420 Ant!

358 3437 518 3510 Ἀλβόκελλα
535 3443 599 3491 Ptol.
653 3447 684 3494 21
714 3446 795 3496 Cauca
813 3449 884 3493 eriam
900 3445 955 3490 Ant.
976 3451 999 3491 et
1016 3443 1079 3490 Ptol.
