2872 4210
267 461 278 508 1
300 462 330 509 lt
892 497 896 504 -
1057 459 1093 515 35

287 631 298 674 1
337 607 419 671 nalis
442 606 557 692 plagae
580 605 712 690 patrias,
742 627 821 689 quas
845 607 879 670 in
902 605 1094 675 duodecima

285 736 300 780 2
337 710 416 774 hora
438 709 543 773 noctis
566 731 637 773 esse
660 711 916 794 supputavimus,
945 712 1093 776 aestimet

285 837 299 882 1
338 835 401 897 quo
436 820 596 890 maneret3
632 820 664 875 et
700 812 748 876 sio
776 813 927 896 posthinc
959 823 1092 880 cunctas

284 941 300 984 4
336 917 432 981 horas
455 915 519 980 diei
540 916 691 979 horarum
713 915 818 978 noctis
833 939 891 1000 per
907 916 1092 1004 designatas

285 1043 298 1087 1
336 1019 491 1084 assimilet
512 1019 649 1104 patriaS,
678 1027 711 1082 et
732 1018 938 1103 postmodum
962 1017 1092 1086 Christo

284 1145 299 1190 o
335 1122 429 1188 uobis
442 1123 615 1187 auxiliante
627 1123 870 1207 expositionem,
887 1146 983 1207 quam
995 1147 1094 1210 supra

284 1249 298 1294 7
335 1226 387 1290 vel
408 1227 540 1290 inferius
565 1224 821 1311 designavimus,
850 1249 999 1292 veracem
1022 1251 1092 1294 esse

283 1353 298 1397 s
335 1330 483 1415 reperiet.
529 1351 605 1393 nam
628 1337 661 1392 et
690 1330 717 1393 si
746 1330 861 1414 aliquis
892 1343 931 1396 e'x
960 1341 1093 1396 conten-

283 1457 297 1500 1
335 1434 480 1498 tiouariis
504 1432 611 1496 dicere
626 1432 763 1496 voluerit
780 1433 867 1518 quod
882 1436 974 1520 quasi
991 1436 1091 1501 totius

265 1560 297 1605 10
335 1537 440 1601 noctis
469 1536 621 1601 horarum
650 1537 836 1621 supputatio
864 1561 923 1624 per
944 1521 1091 1604 tantum-

265 1664 295 1708 11
333 1639 430 1704 modo
451 1639 616 1726 Europam
637 1641 802 1704 nominata
824 1649 884 1722 est,
908 1651 941 1706 et
962 1643 996 1707 in
1010 1643 1091 1708 fluo·

265 1765 296 1810 11
334 1766 386 1808 111
408 1743 584 1808 maritimas
607 1735 833 1808 inundationes
852 1744 1013 1830 inciderit,
1034 1769 1091 1812 vo-

265 1869 296 1913 11
332 1848 402 1913 lens
425 1847 532 1912 dicere
555 1847 642 1932 quod
663 1857 730 1912 tam
752 1871 871 1934 magna
893 1847 986 1914 nobis
1003 1849 1091 1914 dicta

264 1971 296 2016 14
334 1953 376 2016 sit
398 1952 540 2038 Europa,
562 1950 597 2015 id
619 1959 669 2016 est
690 1951 796 2036 portio
818 1949 913 2033 Iafet,
936 1952 1090 2036 quemad·

263 2075 295 2120 15
332 2055 465 2120 modum
476 2056 642 2140 utriusque
653 2055 771 2137 fratris,
783 2053 818 2118 id
830 2053 962 2120 estSem
975 2045 1089 2140 Citam,

263 2175 294 2220 11
333 2167 365 2223 et
380 2159 467 2244 quod
479 2159 512 2223 in
528 2159 597 2224 sola
607 2159 739 2244 Europa
753 2167 823 2222 tota
838 2181 903 2223 nox
915 2166 1090 2244 supputata

262 2276 300 2322 11·
332 2271 392 2344 111,
415 2263 500 2327 siout
521 2262 555 2326 in
569 2263 716 2347 portione
733 2261 870 2326 duorum
885 2263 1020 2327 fratrum
1039 2272 1089 2328 to-

262 2380 294 2425 18
330 2373 383 2430 111
399 2373 592 2457 supputatus
608 2374 658 2430 est
673 2365 757 2431 dies:
772 2366 880 2431 nullus
893 2367 1011 2431 etenim
1025 2367 1089 2432 hoc

261 2483 293 2528 11
331 2455 513 2552 arbitretur,
530 2470 605 2554 quia
620 2469 748 2554 quando
763 2493 862 2534 verno
878 2479 915 2535 ut
930 2493 1028 2556 supra
1039 2471 1088 2535 di-

260 2589 293 2633 11
331 2582 419 2637 ctum
442 2583 492 2638 est
513 2581 657 2660 tempore
679 2597 737 2659 per
753 2569 1014 2659 supputationem
1029 2575 1088 2639 ho'-

260 2691 292 2736 11
328 2699 437 2741 rarum
452 2678 595 2766 singulas
611 2677 849 2764 designavimus
865 2679 997 2763 patrias,
1019 2701 1087 2742 ma-

260 2793 292 2838 11
329 2781 414 2846 xime
436 2790 561 2866 partem
582 2782 733 2868 Europae
763 2783 811 2847 sol
836 2782 1007 2874 transiens
1021 2781 1087 2845 col-

330 2935 345 2980 1
374 2935 521 2982 111111111.
595 2937 609 2982 3
638 2936 680 2992 sic}
700 2937 720 2982 si
739 2936 761 2980 B
780 2933 843 2980 editi.
919 2933 936 2979 4
964 2934 1084 2991 horarum}

327 3006 487 3064 horarnmque
505 3006 570 3056 editi.
589 3006 599 3052 ΙΙ
618 3010 668 3066 per]
687 3019 745 3066 prae
763 3006 794 3052 Β.
867 3006 881 3050 8
911 3003 1008 3062 aliquis}
1032 3007 1085 3063 quis

328 3077 393 3122 editi.
448 3078 462 3122 9
491 3077 570 3123 tocius
587 3077 617 3122 B.
673 3079 704 3122 10
733 3076 877 3136 supputaoio
896 3075 927 3119 B.
991 3077 1021 3120 14
1050 3077 1086 3122 ia-

327 3147 378 3192 seth
396 3147 424 3204 A,
443 3147 528 3206 Iaphet
547 3147 612 3193 editi.
695 3149 725 3194 15
750 3153 809 3206 poet
827 3145 882 3192 Sem
901 3145 958 3191 editi
977 3145 1033 3192 add.
1052 3153 1082 3192 et.

326 3217 337 3263 11
350 3218 428 3263 ahaim
446 3217 476 3262 Β.
564 3220 594 3264 16
623 3218 647 3263 in
666 3217 731 3275 sola]
758 3215 836 3263 insula
853 3217 905 3262 AB.
984 3217 1015 3263 17
1045 3219 1083 3274 inl

326 3293 349 3333 ei
367 3289 391 3334 in
409 3289 439 3334 B.
470 3288 481 3334 11
511 3289 625 3348 porcione
643 3289 672 3334 B.
760 3290 791 3334 19
819 3299 894 3333 verno
913 3301 958 3333 om.
977 3288 1000 3333 B
1019 3289 1083 3334 editi.

327 3360 359 3404 20
372 3381 375 3384 ·
388 3365 446 3417 port
467 3360 579 3406 horarum
602 3359 646 3404 AB
669 3358 725 3404 add.
748 3371 798 3417 per.
899 3359 930 3403 21
963 3360 1084 3405 maximae

326 3431 401 3488 partis
420 3429 484 3476 editi.

902 3507 932 3550 3·
