2710 4004
225 413 306 450 omno
327 403 359 449 18
992 393 1045 446 459

244 571 253 614 1
444 543 630 612 Bridiaoum

243 673 256 718 2
445 649 599 732 Mantua,
629 672 669 713 ex
692 670 755 732 qua
776 655 872 733 poeta
887 645 1043 732 Virgilius

242 776 256 820 s
295 755 402 819 extitit
424 753 577 818 oriundus

241 879 256 922 4
444 857 587 923 Hostilia

242 983 255 1026 o
444 961 583 1026 Forolie.

243 1085 256 1128 6
327 1063 379 1134 ld.
424 1064 508 1130 Item
531 1087 550 1128 a
572 1065 729 1150 superiori
743 1065 860 1129 iterum
874 1071 965 1148 parte
981 1085 1045 1125 non

243 1189 256 1232 τ
294 1171 390 1257 longe
414 1169 454 1234 ab
477 1168 563 1254 Alpe
586 1177 662 1233 sunt
685 1169 844 1250 civitates,
866 1166 900 1231 id
924 1176 973 1231 est

242 1293 256 1336 8
445 1270 601 1338 Crimium
949 1264 953 1272 ’

243 1394 256 1438 o
447 1375 560 1442 Garde

227 1498 257 1541 10
444 1480 581 1567 Lageris

227 1601 257 1644 11
446 1583 593 1647 Tritonia

228 1703 258 1746 12
446 1685 648 1750 Tridentum.

332 1789 381 1856 17.
426 1787 510 1852 Item
532 1789 566 1852 in
588 1789 719 1876 regione
742 1788 951 1854 Venetiarum
975 1795 1050 1852 sunt

298 1894 445 1958 civitates

447 1994 601 2062 Vioentio

447 2100 618 2166 Patavium

447 2205 596 2271 Altinum

448 2307 631 2375 Concordia

449 2413 607 2480 Trebium

450 2513 667 2604 Opitergium.

332 2620 385 2688 18.
430 2620 513 2684 Item
537 2620 677 2706 desuper
698 2630 775 2686 sunt
796 2621 943 2686 civitates

447 2725 568 2789 Filaria

448 2827 586 2896 Sosonia

450 2931 582 2998 Cenedu

337 3060 429 3106 codices
448 3059 519 3121 bsmr.
763 3056 797 3120 cf.
810 3059 870 3106 Rau.
883 3059 935 3106 253
955 3059 1016 3120 2sq.
1068 3023 1070 3029 Ι

302 3168 381 3223 dex]
400 3172 472 3212 etm.
527 3166 672 3212 Sextitm.
727 3165 777 3210 45
802 3179 846 3210 om.
859 3162 884 3225 s.
941 3165 1000 3211 ‘lid
1018 3171 1053 3211 est

301 3252 347 3283 om.
366 3251 411 3282 mr.
468 3236 626 3292 sommium]
647 3234 734 3281 Sirmio
752 3236 811 3282 Rue.
868 3237 899 3281 10
924 3235 1007 3295 legens
1023 3250 1053 3281 m.

303 3310 334 3354 13
363 3309 514 3353 veneciarum
528 3306 554 3368 s.
647 3307 677 3352 15
706 3306 814 3352 vicenciu
835 3304 856 3365 s,
892 3307 1014 3352 vincentia
1032 3307 1053 3351 b.

305 3381 335 3427 16
364 3380 500 3438 pattavium
518 3393 540 3424 r.
597 3379 629 3424 28
657 3389 753 3424 sosoma
775 3375 810 3438 bf.
865 3378 898 3424 24
925 3378 1015 3424 conada
1027 3375 1054 3438 s.
