2578 4008
169 463 204 512 IV
223 463 255 511 3¹7
401 482 421 507 a
938 459 993 514 293

188 635 200 679 1
239 611 324 674 inter
352 605 553 674 Oarontanos
588 617 621 674 et
647 609 791 694 Italiam,
824 611 908 684 iuter
934 633 991 695 pa-

188 739 202 784 r
238 713 333 778 triam
356 710 509 778 Carnium
539 723 571 778 ct
592 713 735 792 Italiam3
766 713 853 798 quod
880 714 992 800 iugum

176 809 202 892 Ὶ3
239 814 393 882 Carnium
406 815 573 882 dicebatur
584 817 624 883 ab
637 818 776 902 antiquis
787 818 883 903 Alpis
896 816 989 882 Iulia.

187 949 203 994 4
239 923 294 1006 qui
322 929 449 986 montes
478 921 626 986 finientes
654 921 758 1010 ipsam
778 920 907 986 Italiam
936 919 992 984 de-

188 1053 201 1098 5
239 1024 398 1090 scendunt
427 1047 467 1088 ex
494 1033 586 1110 parte
614 1024 657 1090 ad
678 1047 765 1090 mare
788 1023 992 1088 Adriaticum

188 1155 202 1200 a
239 1151 304 1193 non
325 1130 422 1216 longe
451 1152 470 1194 a
500 1129 629 1194 civitate
651 1128 842 1194 Tharsatico
863 1128 993 1214 provin-

189 1259 203 1305 7
242 1233 309 1297 ciac
330 1231 507 1298 Liburniae
535 1233 569 1297 in
594 1233 666 1297 loco
690 1233 745 1316 qui
767 1229 886 1296 dicitur
907 1231 993 1296 Pha-

188 1365 203 1411 s
239 1359 308 1401 nas.
346 1359 365 1400 a
387 1336 529 1401 secundo
551 1345 659 1401 autem
680 1336 780 1400 latere
801 1333 900 1400 habet
921 1335 993 1419 ipsa

188 1467 203 1514 9
240 1439 336 1504 Italia
362 1439 459 1504 finem
493 1438 695 1525 praedictum
722 1462 810 1504 mare
839 1461 992 1525 magnum

172 1573 202 1619 10
239 1542 453 1626 Adriaticum,
476 1544 567 1608 cuius
588 1543 682 1607 litore
696 1543 827 1628 ponitur
840 1543 913 1627 ipsa
926 1540 993 1606 Ita-

172 1678 202 1722 11
239 1649 293 1730 lia,
315 1669 419 1731 mque
442 1645 484 1710 ad
500 1647 691 1732 completam
709 1647 855 1732 superius
872 1644 995 1710 dictam'

172 1779 203 1826 12
238 1751 436 1838 provinciam
458 1749 597 1814 Istriam.
636 1773 655 1814 a
676 1752 772 1815 tertio
793 1773 870 1814 vero
892 1751 992 1814 latere

172 1883 203 1929 13
239 1855 338 1920 habet
365 1855 436 1940 ipsa
458 1853 554 1918 Italia
581 1854 679 1918 finem
705 1854 885 1938 praefatum
905 1875 993 1917 mare

172 1987 204 2032 14
241 1957 414 2040 Gallicum,
438 1957 529 2022 cuius
551 1957 642 2022 iuxta
662 1957 758 2020 litora
777 1958 909 2042 ponitur
922 1957 995 2042 ipsa

173 2087 203 2133 lc
239 2063 352 2144 Italia,
380 2082 483 2146 usquc
513 2060 555 2125 ad
577 2083 675 2145 supra
697 2061 834 2146 scriptos
856 2069 994 2142 montm,

172 2189 204 2235 16
241 2167 297 2251 qui
320 2161 486 2247 dividunt,
509 2173 545 2228 ut
567 2163 725 2246 diximus,
753 2165 838 2230 inter
852 2163 995 2252 Viginti-

172 2291 204 2336 17
240 2267 330 2334 milia
345 2277 377 2332 et
400 2269 563 2333 civitatem
577 2268 716 2333 Niceam
736 2269 921 2354 provinciae
936 2267 995 2336 Se·

172 2397 203 2442 18
239 2373 411 2458 ptimanae.
464 2395 483 2436 a
511 2380 625 2456 quarto
658 2395 735 2438 vcro
768 2373 869 2438 latere
897 2372 996 2438 habet

243 2537 255 2582 1
285 2536 348 2581 inter
367 2535 438 2592 (aute
458 2533 622 2592 carantanos)
649 2549 693 2580 cm.
713 2537 741 2580 A.
769 2537 778 2581 ΙΙ
805 2541 948 2582 carantanos
965 2537 993 2591 A,

241 2611 384 2652 carantanos
398 2605 425 2663 G,
445 2619 506 2651 nunc
518 2605 653 2652 Karnthcn.
672 2605 681 2651 ΙΙ
698 2609 736 2662 et]
750 2612 774 2652 ct
787 2613 812 2652 et
823 2607 853 2652 B.
902 2607 917 2651 2
937 2603 995 2650 Car·

239 2677 315 2734 nium]
326 2681 467 2723 carnuntum
481 2676 513 2733 G;
525 2691 586 2722 nunc
596 2677 680 2722 Krain.
700 2677 709 2722 ΙΙ
726 2683 750 2722 et
760 2678 841 2723 oraB.
860 2677 870 2722 ΙΙ
885 2675 954 2722 italia
963 2676 993 2720 B.

240 2747 250 2793 ΙΙ
263 2748 336 2806 quod]
355 2749 389 2792 sic
403 2747 430 2804 G,
456 2761 501 2805 que
518 2745 587 2804 ABG,
612 2761 672 2806 quae
692 2747 756 2793 editi.
776 2747 785 2793 ΙΙ
802 2749 899 2807 iugum}
918 2749 952 2792 εἰσ
966 2746 993 2804 G,

240 2818 311 2877 iugus
331 2817 402 2875 ABG,
430 2819 488 2878 iuga
506 2817 570 2863 aditi.
643 2819 658 2863 3
686 2816 813 2874 Carnium]
842 2817 939 2864 carnich
965 2816 993 2862 G.

241 2889 250 2934 ΙΙ
264 2889 389 2934 dicebatur
412 2903 456 2935 orn.
480 2889 503 2934 B
526 2889 591 2934 editi.
621 2887 631 2934 ΙΙ
661 2890 691 2934 ab
715 2903 759 2934 cm.
786 2887 810 2936 0.
838 2889 848 2934 ΙΙ
874 2888 993 2946 antiquis]

241 2961 375 3018 antiquitus
394 2959 438 3006 BC
454 2959 518 3005 aditi.
573 2961 589 3004 4
614 2959 668 3017 quil
687 2973 759 3016 quam
776 2958 826 3004 Bc.
882 2960 895 3004 6
919 2963 996 3004 tarsa-

241 3031 290 3078 tico
308 3032 331 3076 B
349 3031 413 3087 editi,
438 3028 536 3091 cf.224
557 3029 581 3074 8.
646 3031 659 3074 7
688 3029 794 3085 Phanas}
814 3030 891 3076 Fanaa
911 3028 994 3086 darida,

239 3116 302 3147 nanc
319 3101 427 3148 Fiancna
450 3103 474 3146 r'u
492 3103 545 3146 aiau
562 3098 697 3146 atanarico.
777 3102 806 3145 11
836 3100 868 3146 ad
891 3113 935 3144 om.
954 3097 998 3145 Bc

241 3171 306 3218 editi.
334 3172 343 3217 ΙΙ
370 3171 507 3230 οορ1ε1ἰΒ.
557 3172 589 3216 12
608 3172 708 3228 ystriam
720 3167 769 3216 Bc.
820 3172 851 3216 14
869 3169 994 3228 littoraA‚

239 3243 361 3298 littorali,
380 3241 451 3288 litora
469 3243 533 3289 aditi.
590 3240 620 3287 15
641 3241 672 3287 ad
691 3255 735 3286 cm.
748 3241 771 3286 B
787 3241 852 3288 aditi.
908 3242 940 3287 16
959 3241 996 3286 vi·

241 3312 398 3373 gintimilium
419 3313 446 3359 G.
521 3315 551 3359 17
581 3312 678 3357 civitate
697 3312 720 3357 B
738 3311 803 3358 editi.
831 3313 840 3359 ΙΙ
865 3313 935 3358 nicea
952 3311 996 3358 AB

241 3383 307 3430 aditi.
335 3384 344 3429 11
371 3382 532 3443 septimaniae
552 3383 625 3428 Grau.
639 3383 664 3428 1.
684 3383 700 3428 2
719 3383 804 3430 Gaido.
865 3385 896 3429 18
924 3386 1013 3440 verol.

241 3467 344 3514 namque
363 3454 408 3499 ΑΒ
426 3455 490 3513 aditi,
510 3459 590 3500 autem
610 3452 637 3510 G,
656 3453 755 3516 reliquia
772 3457 877 3502 mutatis.
