2710 4004
250 536 267 1404 ‹em-qoavtuh-oewffl

235 1462 266 1508 10

234 1565 266 1610 11

235 1665 266 1711 12

235 1770 267 1815 1³

234 1874 267 1920 14

234 1977 265 2026 15

234 2084 265 2130 16

233 2188 264 2232 17

137 2271 265 2333 ‘18

452 513 583 600 Egodes
610 545 618 570 ι

451 617 597 682 Distrete

453 716 607 784 Crurious

451 822 598 888 Absarus

451 925 616 991 Primodia

450 1030 531 1094 Moa

450 1133 620 1198 Erafronia

450 1236 594 1302 Pullaria

449 1339 586 1406 Ursaria

452 1441 613 1508 Cervaria.

346 1543 413 1611 Sed
436 1555 469 1610 et
491 1547 571 1612 aliae
593 1547 749 1632 plurimae
777 1547 901 1611 insulae
924 1547 958 1609 in
980 1546 1051 1630 ipsa

301 1648 434 1736 regione
455 1659 635 1734 ponuntur,
658 1649 717 1714 sed
737 1649 895 1731 modicae,
923 1659 955 1713 et
977 1647 1051 1713 ideo

303 1773 357 1818 eas
379 1751 600 1818 taciturnitate
624 1751 895 1818 commendemus.

332 1854 384 1923 25.
430 1855 470 1919 In
491 1856 597 1941 patria
617 1879 695 1920 vero
716 1855 873 1920 Venetiae
896 1865 972 1920 sunt
994 1857 1048 1921 ali·

302 1969 442 2046 quantae
475 1959 600 2025 insulae
634 1981 715 2044 quae
748 1958 931 2024 hominibus
961 1959 1052 2025 habi·

299 2073 419 2130 tantur.
464 2061 522 2129 sed
545 2072 577 2128 et
598 2064 675 2128 litus
697 2060 816 2126 finibus
839 2062 979 2148 Apuliae
1002 2073 1052 2128 est

300 2169 407 2234 insula
420 2190 503 2252 quae
518 2165 638 2232 dieitur
651 2167 793 2231 Amonte
813 2167 866 2230 vel
880 2167 1050 2232 Tremetis.

344 2270 384 2336 In
414 2272 498 2338 oolfo
525 2281 633 2336 autern
660 2267 790 2336 Guiiioo
819 2269 965 2335 diversae
993 2293 1051 2355 po-

301 2577 316 2620 3
343 2575 448 2620 autricus
467 2573 491 2630 C,
510 2573 621 2621 Curricos
639 2574 703 2632 editi,
722 2573 810 2620 Curicu
826 2573 890 2631 Turb„
912 2575 972 2622 Kov
989 2574 1051 2622 ίκτα

299 2642 363 2690 Ptol.
417 2645 433 2690 4
451 2644 557 2702 Apsoros
569 2646 633 2702 Ant,
651 2637 784 2713 Ἄψορρος
795 2643 860 2690 Ptol.
909 2645 923 2690 8
943 2643 978 2689 Pu
999 2644 1050 2690 urin

300 2716 371 2760 etium
383 2714 438 2760 Tab.
458 2721 481 2758 et
497 2715 562 2762 Pliu.
617 2715 755 2762 9Ursarir
772 2717 843 2761 etium
858 2713 914 2761 Tui.
969 2716 1000 2760 11
1026 2719 1050 2760 et

300 2798 345 2830 om.
363 2785 386 2830 B
407 2785 472 2830 editi.
539 2787 570 2831 12
598 2790 635 2832 eet
654 2784 678 2832 C.
748 2788 778 2832 1³
807 2784 966 2832 taciturnitati
984 2785 1049 2831 editi.

300 2855 310 2901 ii
322 2856 490 2902 comendamus
508 2857 560 2902 AB.
587 2857 597 2901 ΙΙ
618 2863 676 2914 port
693 2858 887 2904 commendemus
909 2853 999 2902 cada.
1020 2856 1049 2901 de

299 2924 383 2972 insulis
404 2927 482 2984 patrie
504 2927 653 2973 venetiarum
676 2932 701 2972 et
731 2927 820 2986 apulie.
906 2926 936 2972 15
970 2927 1049 2971 homi-

299 2997 383 3052 nibus!
402 2997 513 3042 omnibus
531 2996 579 3044 Ac.
607 2997 617 3042 ΙΙ
643 2997 810 3044 habitantibus
827 2996 875 3044 AG.
935 2997 967 3042 16
995 3002 1050 3041 ante

298 3066 357 3114 litus
376 3065 449 3113 Gron.
462 3068 487 3112 1.
506 3068 523 3112 2
542 3067 632 3114 adm
650 3070 741 3114 iuxtus.
815 3070 845 3114 17
874 3067 990 3123 Arnontul
1010 3080 1049 3112 eu-

298 3140 441 3196 spectaverit
462 3137 603 3185 Diomeden.
640 3139 649 3184 ΙΙ
683 3138 723 3184 vel
747 3152 791 3183 om.
809 3139 837 3183 A.
874 3139 884 3182 ii
918 3137 1048 3193 Tremetiel

298 3208 418 3254 Trimerus
434 3208 515 3266 Tacit,
540 3209 608 3256 hodie
626 3209 734 3255 Tremiti.
771 3210 780 3253 li
812 3214 868 3267 poet
891 3209 1007 3254 Tremetir
1032 3206 1051 3254 0

298 3278 354 3325 add.
382 3279 411 3324 de
441 3280 540 3326 diversis
568 3279 652 3326 insulis
683 3281 708 3324 in
736 3278 823 3338 colpho
851 3277 939 3338 gallico
966 3279 1046 3338 positi.

299 3352 330 3396 18
359 3348 446 3408 coipho
466 3347 491 3395 O.
