2580 4028
1047 493 1133 542 lvra

331 661 344 704 1
384 635 623 722 descripserunt
645 637 840 723 philosophi,
869 660 908 702 ox
931 636 1048 721 quibus
1071 638 1136 724 legi

330 761 344 806 2
382 740 568 806 multotiens
581 739 704 806 dietum
716 737 901 808 castorium
914 750 946 805 et
952 740 1136 808 Lollianum

330 866 345 910 a
382 853 478 927 atque
507 842 714 908 Arbitionem
740 841 959 908 Romanorum
994 843 1136 929 philoso-

330 969 345 1012 4
381 947 474 1032 phos,
498 946 556 1014 sad
578 955 611 1010 et
626 946 894 1032 suprascriptum
909 947 1136 1014 Altanaridum

331 1074 344 1120 s
382 1061 415 1115 et
429 1049 645 1116 Eldavaldum
667 1058 764 1134 atqua
785 1049 1052 1116 Maroummirum
1068 1049 1137 1117 Go-

331 1179 345 1222 s
382 1155 512 1218 thorum
534 1153 759 1240 philosophos:
789 1153 848 1220 aed
874 1176 938 1218 non
961 1155 1137 1238 aequaliter

331 1283 345 1327 r
383 1258 641 1338 nominaverunt,
664 1257 745 1324 alius
768 1280 844 1322 vero
867 1258 926 1338 sio,
955 1257 1037 1322 alins
1059 1280 1136 1322 vero

331 1385 347 1431 a
383 1361 446 1426 alio
461 1359 568 1426 modo.
614 1360 672 1426 sed
689 1383 750 1447 ago
765 1359 943 1428 secundum
957 1361 1136 1445 praefatun

331 1488 346 1531 a
382 1463 648 1530 Maroummirum
684 1465 818 1528 inferius
852 1463 955 1530 diotas
990 1466 1136 1530 civitates

315 1591 347 1636 ro
383 1566 569 1632 Pannoniae
585 1568 758 1632 nominavi.
791 1569 825 1632 in
841 1591 905 1652 qua
918 1570 1024 1653 patria
1037 1569 1137 1654 pluri·

315 1695 346 1739 11
383 1693 451 1736 mas
473 1671 573 1736 fuisse
605 1671 751 1736 civitates
774 1671 926 1757 legimus,
956 1672 1136 1757 exquibus

315 1795 346 1842 ra
383 1774 565 1860 aliquantas
588 1774 759 1862 designare
782 1774 940 1854 volumus,
962 1775 997 1840 id
1020 1786 1070 1844 ast

314 1903 346 1948 ra
534 1873 742 1944 Confluentes

315 2005 347 2050 14
533 1983 711 2048 Taurinum

314 2106 345 2152 15
533 2085 695 2152 Idominio

314 2209 346 2254 rs
532 2188 700 2254 Bassianis

315 2312 346 2356 ιτ
533 2291 646 2358 Fossis

315 2415 347 2460 rs
534 2393 687 2462 Sirmium

316 2517 346 2560 ra
535 2499 676 2564 Drinum

315 2619 347 2663 20
534 2600 642 2668 Saldis

385 2765 399 2808 2
427 2764 569 2812 multociens
586 2765 633 2819 Ac,
662 2766 785 2814 multoties
804 2766 868 2812 aditi.
908 2768 917 2812 ΙΙ
951 2768 1084 2814 kastorium
1111 2769 1137 2815 (J.

383 2835 393 2880 ii
406 2834 523 2882 lulianum
541 2837 585 2882 AB
603 2837 668 2883 aditi.
732 2839 747 2883 3
776 2837 923 2884 arbioionem
945 2836 968 2884 G.
996 2839 1006 2884 il
1030 2838 1138 2898 philoso-

382 2907 458 2965 phum
475 2907 528 2952 AB.
582 2908 597 2952 4
617 2907 741 2966 scriptum}
762 2908 853 2954 dietum
871 2907 936 2954 aditi.
964 2909 973 2954 ΙΙ
998 2908 1137 2956 Aithanari-

383 2978 441 3023 dum
453 2977 517 3023 aditi.
564 2977 720 3036 agnatorum
734 2976 758 3024 G.
809 2979 1138 3026 inominararuntom.rlB

382 3047 446 3094 aditi.
467 3048 477 3092 ii
501 3061 558 3094 varo
572 3045 674 3093 ulterram
691 3062 736 3094 om.
750 3049 795 3094 AB
812 3049 878 3094 editi.
934 3051 964 3096 13
990 3048 1138 3096 Confluenti-

382 3118 428 3165 bus
450 3117 505 3164 rab.
563 3119 595 3164 14
624 3118 763 3178 'l'aurynum
781 3119 846 3176 aditi,
876 3119 989 3168 Tauruno
1007 3123 1063 3166 Ant.
1081 3122 1136 3168 raa.

385 3189 416 3235 16
444 3189 558 3235 Idiminio
580 3188 636 3234 Tot.
705 3190 735 3234 16
764 3188 887 3236 Bassianis
914 3193 984 3236 eiiam
1001 3193 1096 3238 Hieros.
1114 3199 1138 3238 at

386 3259 451 3316 Tot„
478 3261 620 3308 Βασσίανα
638 3257 703 3304 Ptol.
760 3262 791 3306 17
819 3260 912 3317 Fossis}
936 3263 1038 3308 mutatio
1056 3263 1137 3309 Fossis

382 3330 478 3375 Hieros.
553 3331 584 3375 18
614 3328 727 3376 Sirmium
750 3333 821 3378 atium
841 3331 906 3395 Tau,
934 3335 1050 3403 Σίρμιον
1072 3331 1136 3379 Ptol.

383 3399 434 3446 aiii.
492 3401 522 3444 19
543 3399 657 3458 Drinum}
676 3399 822 3459 of.Drinius
840 3402 865 3448 ii.
885 3403 937 3448 212
956 3404 981 3449 5.
1032 3404 1064 3450 20
1084 3402 1137 3449 Sal-

384 3472 422 3515 dis
440 3472 510 3514 etiam
526 3470 590 3527 raa,
621 3471 715 3519 saldum
733 3473 756 3518 B
773 3473 837 3520 editi.
