2578 4008
219 1439 233 1483 ec>
218 1335 233 1380 ot>
219 1232 233 1275 xz
220 1126 234 1171 Φ
220 1019 233 1065 e:-
217 919 233 962 n:—
218 816 233 860 eae
218 711 232 756 ιο
221 609 233 653 ·—=
206 555 207 559 Α

202 1542 234 1588 10

203 1647 233 1692 11

204 1750 234 1794 12

203 1855 234 1900 13

203 1957 235 2001 14

204 2061 235 2108 15

205 2165 235 2212 16

205 2270 236 2314 17

421 584 567 650 Graecae

420 688 564 776 Lugaria

365 795 368 800 ’
419 791 579 858 Umbrion

419 895 572 962 Beturnis

420 999 550 1084 Equilia

399 1138 401 1146 ν
420 1102 541 1184 Floria,
562 1103 728 1170 Florentia

420 1203 546 1272 Solaria

419 1310 544 1376 Eleana

419 1413 578 1480 Pisturias

420 1517 549 1584 Martis.

314 1619 397 1686 Item
419 1622 510 1687 iuxta
524 1621 722 1688 Florentiam
745 1631 795 1689 est
811 1623 924 1688 civitas
940 1645 1022 1706 quae

272 1725 389 1791 dicitur

420 1829 559 1912 Fessus,
581 1830 658 1894 item

420 1932 547 1996 Arnum

422 2035 557 2100 Portum

420 2139 594 2205 Balbatum

420 2243 524 2326 Luca,
547 2267 628 2329 quae
652 2243 832 2309 confinatur
852 2291 1021 2306 ......

275 2434 287 2478 1
308 2446 377 2492 grece
397 2431 421 2491 0,
449 2448 520 2493 greca
540 2435 567 2492 G,
595 2434 634 2481 Ad
647 2433 737 2482 Grecos
758 2434 814 2481 Tub.
869 2435 884 2479 2
908 2447 956 2496 pro
975 2433 1022 2479 Lu·

272 2505 340 2564 geria
361 2503 416 2550 Tab.
444 2503 515 2552 labat
535 2504 573 2552 Ad
592 2506 738 2571 iuglandem.
805 2507 820 2552 3
848 2504 975 2550 Umbrium
995 2504 1022 2561 G,

272 2575 364 2622 Umbro
382 2575 407 2621 fi.
430 2575 486 2622 Ταῦ.
552 2577 568 2623 4
595 2577 704 2624 Betemis
722 2576 786 2633 editi,
810 2575 918 2622 Veturris
939 2574 1022 2632 (laide,

273 2647 381 2692 Bitun'za
401 2647 469 2704 Tae,
492 2645 605 2708 fortasse
626 2649 707 2694 Massa
727 2647 880 2693 Veternensis
907 2646 1022 2691 Ammius.

274 2717 288 2762 5
307 2716 418 2776 Equilial
436 2716 476 2763 Ad
494 2719 598 2778 aquileia
619 2719 675 2765 Tab.
730 2719 744 2764 6
763 2716 844 2764 Floria
861 2731 905 2762 om.
920 2716 1023 2762 Graece.

272 2787 282 2834 ΙΙ
294 2789 428 2844 Florentia]
456 2789 569 2835 florencia
595 2789 623 2847 0,
660 2789 783 2836 Florentia
804 2787 936 2834 Tuscorum
967 2787 1022 2832 Tab.

274 2861 288 2906 7
317 2859 424 2915 Solaria}
448 2858 487 2905 Ad
510 2859 599 2907 solaria
623 2861 687 2916 Tab„
711 2873 756 2904 om.
777 2857 800 2904 O.
876 2859 891 2904 8
919 2857 1022 2914 Eleana}

272 2930 377 2978 Hellana
409 2930 464 2976 Tala
549 2933 562 2976 9
591 2931 719 2986 Pisturiasl
751 2929 850 2976 Pistoris
882 2929 937 2974 Aac.
966 2928 1022 2974 Tab.

275 3003 305 3047 10
333 3001 432 3056 Martis]
459 3000 499 3047 Ad
522 3003 606 3048 martis
637 3001 691 3046 Tul.
767 3001 797 3045 11
832 2999 969 3046 florenciam
998 2997 1022 3046 C.

275 3074 306 3118 13
325 3071 438 3118 Faesulas
455 3073 519 3129 edici,
537 3072 639 3118 Faesula
655 3079 677 3118 et
689 3070 803 3117 Faesulae
821 3069 873 3116 alii.
929 3071 960 3116 14
978 3069 1023 3116 Ar-

271 3157 330 3188 num
347 3143 371 3188 fl.
388 3143 444 3188 Tab.
500 3142 531 3188 15
551 3143 657 3199 Portum]
676 3143 705 3188 In
717 3147 789 3200 portu
805 3141 860 3186 Tae.
917 3142 948 3186 16
967 3140 1023 3186 Bal-

272 3213 369 3269 batum]
392 3213 497 3260 Valuata
522 3214 577 3260 Tul.
654 3215 685 3259 17
714 3212 781 3257 Luca
804 3213 874 3257 etima
890 3211 945 3257 Ant.
967 3211 1022 3257 Tul.

272 3284 282 3330 ΙΙ
295 3285 440 3341 confinatur]
464 3283 564 3329 lacunae
586 3286 611 3329 ia
628 3283 747 3330 codicibus
765 3297 812 3327 aon
830 3283 949 3328 indicatae
962 3297 1023 3340 par·

273 3361 317 3401 tem
335 3354 413 3413 explet
432 3354 520 3412 Guido,
545 3355 609 3412 apud
631 3369 696 3415 quem
717 3360 773 3412 post
790 3353 877 3400 Pistris
896 3359 1024 3400 reclament
1090 3399 1094 3406 ,

225 3424 231 3435 ’
272 3425 330 3474 laec
347 3427 420 3472 verba
439 3439 499 3486 quae
518 3427 652 3473 eonfiuatur
672 3440 726 3472 eum
745 3425 873 3472 territorio.
