2710 4004
230 385 305 433 vu

249 557 260 600 1
449 532 577 598 Ficaria

246 657 260 702 a
449 634 590 702 Cossura

246 761 260 805 a
450 737 568 806 Gabios

245 864 261 906 4
448 841 557 909 Coeno

246 965 259 1009 5
448 945 579 1012 Melete.

246 1071 260 1114 6
342 1050 464 1116 Iterum
496 1051 538 1116 ad
565 1053 660 1116 aliam
688 1063 813 1138 partem
841 1052 971 1120 Siciliae
1000 1066 1050 1122 est

247 1173 259 1216 r
297 1155 402 1220 insula
425 1177 506 1238 quae
530 1155 647 1220 dieitur

245 1276 259 1319 a
448 1258 655 1343 Lampadusa

245 1381 259 1424 s
448 1358 571 1427 Gaulos

229 1483 259 1526 10
445 1463 639 1531 Pantalasca

229 1585 258 1628 11
287 1549 301 1587 '
448 1565 665 1633 Gaulometin.

229 1686 259 1730 12
331 1669 384 1737 24.
431 1670 516 1734 Nam
541 1674 574 1734 in
597 1674 683 1738 collo
706 1675 899 1740 occidentali
922 1675 955 1738 in
977 1677 1048 1761 ipso

229 1791 259 1834 13
297 1775 377 1838 mari
399 1797 517 1860 magno
540 1776 633 1840 litore
653 1777 836 1842 Dalmatiae
859 1801 917 1842 seu
930 1778 1049 1844 Libur-

228 1896 259 1938 14
296 1879 367 1942 niae
391 1888 487 1962 atque
511 1879 625 1943 latriae
648 1889 724 1944 sunt
745 1881 869 1945 insulae
891 1882 975 1947 inter
998 1905 1050 1948 oe·

229 1996 258 2041 15
296 1994 381 2048 teras
406 2007 487 2068 quae
511 1983 673 2065 dicuntur,
696 1983 730 2048 id
753 1993 803 2050 est

228 2103 258 2147 16
446 2084 588 2151 Corcora

228 2210 257 2252 17
446 2191 513 2256 Isia

299 2455 308 2496 l
333 2455 449 2518 Φικαριά
468 2453 549 2513 νῆσος
571 2452 635 2497 Ptol,
691 2455 705 2498 2
734 2447 862 2520 Κόσσυρα
879 2453 953 2512 Ptol„
979 2447 1048 2505 Κόσ-

295 2540 390 2588 σουρος
409 2523 505 2568 Strabo.
565 2525 580 2568 4
609 2523 687 2570 Caene
706 2525 769 2572 Pla.
830 2525 843 2571 5
872 2525 958 2570 Melita
974 2525 1047 2582 Pla„

295 2593 371 2639 Malta
388 2595 452 2649 Ant„
482 2590 585 2656 Μελίτη
603 2595 667 2640 Ptol.
695 2595 704 2641 ΙΙ
726 2603 783 2654 post
801 2595 888 2641 Melete
909 2594 999 2641 cada.
1019 2597 1048 2640 da

295 2663 379 2709 insulis
398 2665 429 2708 ad
448 2663 520 2709 aliam
539 2671 632 2722 partem
651 2665 733 2712 sicilie.
790 2669 805 2712 6
825 2665 922 2712 Siciliae
941 2679 985 2711 om.
1004 2665 1048 2711 AB

296 2734 360 2778 editi.
410 2735 424 2778 8
443 2733 575 2794 Lopadusa
588 2735 651 2793 aliis,
664 2751 726 2782 nunc
738 2737 898 2796 Lampadosa.
948 2739 961 2782 9
982 2734 1048 2782 Gau-

295 2803 343 2860 los]
368 2817 429 2848 nanc
449 2805 539 2850 Gozzo.
614 2809 645 2852 10
674 2805 847 2865 patrimonii,
875 2807 998 2866 patalasea
1017 2807 1046 2864 Β,

296 2874 422 2920 Paialosea
435 2875 504 2931 edita·
522 2891 584 2921 nanc
597 2877 742 2924 Pantellaria
753 2881 816 2923 inter
827 2877 936 2924 Siciliam
948 2883 971 2923 et
979 2875 1048 2936 Afri·

296 2959 348 2990 cam
365 2945 429 2990 sita?
485 2949 515 2992 11
541 2954 598 3005 porr
617 2947 771 2994 Gaulometin
791 2947 810 2994 0
831 2949 886 2996 add.
911 2950 940 2993 de
963 2946 1048 2994 insulis

296 3017 319 3060 in
339 3015 427 3074 colpho
447 3017 591 3063 occidentali
609 3019 634 3064 in
652 3020 706 3077 ipso
724 3020 784 3064 mari
803 3033 890 3078 magno
902 3019 984 3065 littore
997 3017 1048 3063 dal·

295 3087 367 3132 matie
380 3101 423 3132 seu
434 3085 538 3133 liburnie
551 3095 623 3146 atqua
635 3090 726 3149 hystrie
739 3090 838 3148 positas.
889 3090 921 3135 12
941 3089 1004 3135 colia
1016 3089 1046 3145 B,

296 3156 383 3216 colpho
413 3156 436 3202 C.
482 3158 491 3203 ΙΙ
535 3159 682 3204 occidentale
710 3161 739 3205 Β.
831 3162 862 3206 13
889 3160 970 3206 littore
997 3157 1046 3206 BC.

299 3229 330 3274 14
359 3228 433 3286 ystrie
456 3227 479 3273 0.
507 3230 517 3273 ΙΙ
542 3236 619 3275 cetera
640 3230 684 3275 ΑΒ
701 3229 765 3276 aditi.
817 3233 847 3277 16
868 3229 974 3291 Corcyra
990 3230 1048 3276 editi

298 3312 349 3342 cum
368 3301 423 3342 Ant.
442 3305 465 3343 et
481 3300 550 3355 Tab.‚·
569 3308 603 3345 esi
622 3300 729 3359 Corcyra
746 3301 821 3360 nigra.
891 3303 921 3347 17
949 3302 1002 3361 ysia
1022 3299 1045 3356 G,

296 3370 346 3414 issa
364 3371 418 3414 Ant.
436 3370 491 3415 rab.
511 3369 589 3416 Melae
607 3369 670 3416 aliis.
