2562 3996
182 391 265 430 ovino
286 386 335 430 110
954 383 1009 437 537

203 548 214 594 1
258 553 353 614 quam
369 529 464 594 modo
481 531 594 594 melius
616 541 746 596 sanctus
763 541 884 617 martyr
899 531 1013 596 Achil-

201 654 216 699 2
256 633 326 699 leus
348 634 518 699 illuminat.

202 759 217 805 a
299 737 413 820 Itaque
437 761 456 802 a
470 739 600 803 civitate
615 739 759 824 praelata
773 737 939 804 Mesebria
954 761 1012 823 per

202 863 219 908 4
256 862 313 903 ora
335 842 432 906 mario
455 863 558 926 usque
582 841 625 906 ad
645 843 842 907 nominatam
863 842 1012 906 Larisam

202 961 217 1010 o
256 943 369 1007 urbem
392 945 539 1009 civitates
563 954 639 1009 sunt
665 947 899 1032 quinquaginta
921 947 1013 1030 quin-

201 1068 217 1114 o
256 1068 318 1130 que
342 1057 374 1111 et
389 1049 525 1113 miliaria
540 1059 766 1133 supponuntur
779 1051 866 1114 mille
883 1059 1012 1114 eentum

203 1173 217 1216 7
255 1149 422 1216 tredecim.

203 1275 217 1320 a
285 1252 357 1321 110.
403 1256 457 1322 Ab
481 1258 542 1322 hac
565 1267 672 1322 autem
696 1258 809 1322 civitas
833 1267 882 1321 est

203 1379 217 1422 o
408 1358 588 1426 Grannona

186 1482 218 1527 10
406 1464 554 1528 Phalaris

188 1585 217 1629 11
406 1567 610 1632 Pharsalium

187 1686 218 1730 12
406 1669 563 1755 Tapedon

188 1791 218 1834 18
407 1774 615 1859 Thermopila

188 1896 218 1940 14
407 1877 543 1964 Scorpia

187 2003 219 2048 11
406 1982 520 2046 Elaoia

188 2108 219 2152 16
409 2083 550 2152 Cheroni

189 2212 219 2256 17
410 2188 563 2256 Chromia

189 2313 220 2356 re
408 2294 552 2380 Thespia

190 2413 220 2457 19
408 2382 522 2462 Plaiea

188 2516 220 2560 20
410 2501 529 2566 Pireon

188 2618 219 2662 11
410 2606 558 2685 Athene,
591 2603 855 2689 philosophorum
886 2614 918 2668 et
946 2629 1017 2670 ora-

187 2723 220 2768 11
259 2721 363 2776 torum
380 2709 542 2795 quondam
565 2709 716 2796 genitrirr,
738 2709 772 2772 in
794 2731 855 2792 qua
873 2708 1016 2775 divinum

189 2826 221 2870 18
260 2815 369 2879 lumen
385 2825 481 2898 atque
497 2812 744 2900 inextinguibile
765 2835 830 2877 non
846 2813 879 2876 in
895 2815 1016 2900 templo

189 2929 222 2974 14
259 2919 347 3003 quod
375 2919 551 3005 prophetae
579 2917 656 2981 olim
684 2939 703 2980 a
726 2915 841 2982 Iasone
863 2940 939 3004 rege
964 2917 1016 2982 dei

189 3033 221 3079 11
258 3024 407 3110 genitrici
429 3043 619 3106 semperque
642 3019 777 3106 virginis
793 3020 919 3084 Mariae
941 3043 1017 3085 oon-

294 3192 367 3238 oodaoe
385 3193 407 3237 b.
707 3188 741 3250 cf.
754 3191 812 3236 Rae.
827 3189 878 3235 374
898 3190 931 3235 14
944 3205 980 3250 aq.

260 3299 273 3344 5
308 3299 484 3356 quinquaginta
511 3297 629 3355 quinque]
660 3302 715 3341 aaut
742 3297 913 3357 quinquaqinta
941 3303 997 3343 tres.

260 3369 293 3415 24
321 3369 467 3428 prophetoe]
487 3369 568 3426 potiar
587 3366 714 3426 propitiae.
