2580 4028
308 452 360 506 176
1053 456 1089 506 lv
1108 459 1121 504 5

328 626 339 668 1
378 603 454 664 item
475 602 579 686 patrie
593 597 708 686 Campi
723 597 955 686 Campsnidom
977 623 1037 666 nee
1060 625 1124 668 non

326 729 340 773 2
378 702 486 769 Getho
501 701 685 785 Githorum‚
707 702 895 790 Sugdabon,
917 704 1123 791 Fausgmom

326 834 340 878 3
376 807 504 893 paludis
531 807 731 872 Maeotidon.
776 831 858 891 quae
880 807 1047 874 Maeotida
1073 833 1124 874 re·

325 938 341 983 4
376 913 445 998 gio,
462 911 514 976 vel
530 913 557 976 si
572 913 605 976 in
619 913 682 978 hoo
696 913 769 977 loeo
784 913 946 978 nominate
960 921 1021 993 est,
1041 934 1123 995 quse

326 1041 340 1086 5
375 1025 483 1080 tamen
506 1015 683 1082 dumsatio
706 1017 848 1102 spatiosa
870 1017 994 1096 existit,
1021 1038 1122 1098 usque
1184 1009 1189 1017 ⁸

326 1137 339 1180 o
377 1117 419 1185 ad
440 1119 616 1203 praefatam
630 1120 873 1205 Bosphoranum
894 1119 1030 1203 patriam
1051 1141 1123 1203 per-

326 1243 339 1285 r
376 1222 483 1307 tingit.
528 1244 588 1286 nee
616 1247 681 1288 non
709 1225 800 1288 iuxta
825 1223 988 1308 regionem
1010 1221 1123 1286 Maeo-

325 1349 339 1392 o
375 1323 477 1390 tidem
513 1335 563 1390 est
597 1327 701 1411 patria
728 1327 867 1392 maxima
895 1348 976 1409 quse
1005 1324 1123 1392 dieitur

326 1451 340 1494 o
376 1427 552 1494 Dardania.
596 1431 630 1494 in
646 1452 709 1513 qua
724 1428 868 1494 diversae
883 1430 1004 1514 patriae
1020 1451 1121 1512 usque

310 1551 340 1595 ιο
376 1530 419 1596 ad
440 1555 526 1596 more
555 1555 706 1619 magnum
727 1533 899 1598 Ponticum
919 1533 1121 1620 pertingunt3

309 1658 338 1702 11
376 1657 511 1718 quarum
529 1637 621 1728 molti
638 1637 768 1701 fuemmt
782 1635 1007 1721 redemptores,
1027 1636 1062 1701 id
1073 1648 1122 1702 est

309 1761 339 1806 12
376 1740 522 1824 superius
556 1741 739 1806 nominatus
767 1738 1013 1806 nefandissimus
1042 1741 1122 1806 Por·

309 1865 339 1909 13
375 1843 509 1930 phyrius
524 1852 557 1908 et
570 1843 726 1909 Livauius
742 1851 838 1926 atque
847 1842 1033 1929 Eutropius.
1064 1843 1121 1910 sed

308 1967 339 2010 14
375 1969 433 2012 nos
457 1947 629 2012 earundem
650 1947 817 2033 regionum
840 1946 985 2014 civitates
1008 1971 1121 2014 seeun-

308 2071 338 2116 15
374 2049 451 2116 dum
478 2051 754 2136 praenominatum
775 2049 948 2116 Livanium
974 2053 1121 2137 exposui-

378 2303 390 2345 l
415 2300 500 2360 Campi
519 2300 695 2360 Campanidon]
715 2302 794 2360 campi
812 2302 946 2361 ospanidon
966 2301 995 2358 0,·
1016 2301 1120 2362 Campus

375 2371 462 2417 fluvius
478 2377 502 2416 et
513 2371 643 2430 Campanis
660 2371 730 2430 psius
747 2371 884 2418 Porolseron
902 2371 979 2432 leym
995 2373 1041 2420 sibi
1058 2376 1120 2419 visus

377 2447 411 2486 est
429 2443 453 2486 in
469 2441 523 2488 Tab.
542 2443 617 2499 Perat,
635 2443 675 2490 obi
694 2449 770 2488 tamen
789 2445 832 2502 cap
851 2443 867 2488 fl
887 2441 1016 2501 (Sellieni)
1035 2450 1058 2489 et
1076 2447 1119 2504 ees)

377 2512 429 2558 anis
451 2511 558 2570 psludis‚
586 2515 602 2558 i.
619 2527 638 2558 e.
661 2520 732 2572 capot
752 2512 858 2574 fluminis
880 2513 982 2560 Selliom'
1006 2521 1028 2560 et
1050 2522 1120 2572 eaput

376 2584 434 2628 Anio
448 2581 553 2641 paludis.
590 2584 718 2630 credideris
742 2583 840 2630 similem
851 2582 932 2644 fuisse
949 2599 1054 2630 errorem
1071 2586 1119 2630 Βα-

375 2655 482 2698 vennatis
493 2656 577 2700 nostri.
625 2653 1031 2710 2GethoGith0rum1PitiGaete
1047 2655 1121 2701 rats

374 2718 503 2776 Ιῖἱθωνες
530 2723 610 2770 Prot?
644 2727 653 2771 ΙΙ
687 2725 840 2784 Faneguronl
869 2725 1021 2786 Phanagoria
1041 2726 1075 2771 38
1094 2727 1118 2772 3.

376 2797 390 2840 3
410 2796 532 2842 meotidon
552 2794 575 2850 C,
595 2797 717 2844 meotidon
736 2797 778 2855 qui
795 2796 901 2842 meotide
918 2796 948 2842 Β.
1002 2798 1018 2842 4
1041 2797 1080 2842 vel
1098 2799 1119 2843 si

374 2867 412 2922 inl
430 2865 470 2911 vel
488 2867 534 2912 sini
552 2866 582 2923 B,
609 2867 694 2914 uelsim
712 2868 740 2923 A,
771 2866 811 2912 vel
829 2867 874 2912 smi
894 2865 917 2923 0,
945 2867 1036 2914 Velsini
1055 2868 1118 2912 editi.

376 2937 390 2982 5
418 2937 594 2996 speciosissima
613 2936 637 2984 C.
664 2938 673 2982 ΙΙ
699 2937 811 2984 existitur
828 2937 878 2982 AB.
945 2939 959 2984 6
987 2939 1120 2997 bosphoro-

374 3021 430 3054 nem
447 3008 501 3063 AB,
521 3008 706 3066 bosphoroniem
726 3006 750 3054 C.
782 3007 791 3052 ΙΙ
816 3013 873 3065 post
895 3009 1074 3066 Bosphoranum
1103 3008 1121 3055 C

375 3078 431 3124 add.
445 3079 540 3124 dieitur.
589 3081 603 3124 7
622 3079 751 3124 meotidem
763 3076 811 3134 BC,
824 3079 984 3126 meotidanam
996 3081 1025 3135 Α,
1038 3079 1119 3126 Maeo-

375 3150 427 3196 tida
444 3148 508 3194 editi.
572 3149 586 3194 9
614 3150 639 3194 in
658 3152 717 3206 qus]
737 3162 797 3206 quae
816 3149 880 3194 editi.
948 3151 979 3196 10
1006 3164 1118 3210 magnum

376 3234 420 3264 om.
439 3219 504 3265 editi.
560 3221 590 3264 11
619 3219 761 3277 ascriptores
781 3217 803 3265 C.
861 3222 891 3266 12
918 3221 1054 3279 porphirius
1072 3220 1118 3275 AC,

375 3291 486 3349 porfirius
512 3291 541 3334 Β.
615 3292 646 3335 13
674 3289 789 3335 Libonius
807 3289 871 3342 editi,
898 3291 907 3335 ΙΙ
934 3295 1018 3348 atque}
1042 3297 1066 3338 et
1094 3289 1118 3337 0.

379 3363 410 3406 14
433 3361 562 3406 eorundem
579 3360 609 3416 Β,
629 3361 763 3406 earumdem
783 3361 846 3405 editi.
902 3362 932 3407 15
955 3363 1073 3420 prefatum
1095 3361 1118 3418 C,

376 3432 509 3490 praefatum
528 3431 591 3476 editi.
619 3431 628 3475 ΙΙ
652 3430 767 3476 livianum
786 3431 814 3488 Β,
835 3431 961 3478 Libonium
980 3433 1043 3478 editi.
