2872 4210
350 524 388 580 26
1105 527 1117 576 1
1137 530 1169 576 10

371 698 383 744 1
420 673 577 740 insertum
587 672 754 758 invenistis
766 669 1023 756 quodammodo?
1037 672 1079 738 ed
1092 696 1171 758 quos

368 802 383 847 2
421 777 537 840 iterum
549 775 715 840 obviantes
729 776 776 840 illi
788 776 842 840 elii
853 776 1034 862 philosophi
1050 777 1172 859 dicunt,

369 905 384 951 a
420 903 479 946 nos
494 881 613 946 nostris
628 880 731 946 oculis
747 900 911 962 nunquam
925 879 1075 963 vidimus,
1098 882 1173 964 quia

368 1011 384 1054 4
401 1015 403 1018 ·
421 1006 482 1050 nec
504 985 700 1070 permittitur
721 981 816 1046 adeo
831 983 977 1050 humenis
992 983 1101 1058 videre
1115 984 1173 1050 ob·

368 1115 382 1160 5
420 1086 562 1152 tutibus:
592 1111 668 1152 narn
689 1085 723 1150 in
746 1086 905 1171 scripture
925 1087 1063 1176 legimus
1085 1088 1173 1174 quod

368 1220 382 1264 e
421 1213 519 1276 supra
533 1189 672 1254 diximus
685 1188 760 1272 quia
773 1189 841 1269 „sol
853 1211 1000 1277 egressus
1012 1203 1062 1259 est
1076 1217 1173 1279 super

369 1321 383 1367 7
420 1304 539 1358 terram
555 1301 588 1358 et
602 1293 689 1358 Loth
704 1293 868 1379 ingressus
883 1294 1077 1383 estSegor.“
1112 1297 1172 1384 igi-

368 1425 383 1471 s
420 1407 474 1464 tur
503 1397 738 1483 interrogamus
766 1405 905 1462 vestram
935 1400 1099 1467 solertiam
1125 1409 1171 1481 ut,

369 1529 383 1574 9
422 1499 501 1585 quid
530 1522 632 1585 equae
661 1501 798 1566 maxime
831 1510 1000 1586 puteorum
1032 1503 1173 1589 hyemali

353 1631 383 1677 10
420 1615 564 1690 tempore
587 1612 663 1671 sunt
679 1603 822 1670 calidae?
845 1615 877 1670 et
892 1607 1013 1672 aestivo
1028 1616 1170 1693 tempore

349 1735 381 1786 Ιιι
420 1718 533 1774 noctes
549 1709 687 1774 minores
704 1709 846 1773 existunt
860 1720 893 1774 et
908 1711 956 1774 sol
971 1733 1075 1776 moras
1093 1711 1172 1776 facit

352 1838 383 1884 12
419 1836 477 1898 per¹
500 1833 599 1896 aquus
622 1810 827 1893 ambulando,
849 1811 921 1878 ideo
941 1815 1116 1896 calescunt,
1139 1823 1171 1880 et

352 1939 384 1986 rs
410 1912 560 2002 'hyemali
586 1925 729 2000 tempore
759 1915 895 1982 maiores
923 1915 1000 1984 dum
1028 1919 1171 1984 existunt

352 2045 384 2090 14
419 2029 531 2084 noctes
548 2020 689 2086 'celerius
712 2017 761 2084 sol
776 2039 872 2104 super
892 2042 990 2104 aquas
1012 2022 1170 2086 transiens

352 2147 383 2194 15
421 2145 475 2188 ees
499 2123 674 2189 calefacere
696 2145 761 2187 non
784 2124 933 2188 occurrit.
978 2132 1172 2211 quopropter

352 2253 383 2300 16
421 2227 540 2292 dicitur
562 2227 649 2311 quod
671 2227 721 2292 sol
743 2225 803 2291 sub
827 2226 1043 2311 profunditate
1073 2249 1171 2311 aque·

353 2357 383 2404 17
420 2355 492 2396 rum
515 2329 567 2394 dei
589 2331 680 2396 iussu
702 2338 797 2394 nocte
820 2329 994 2416 gradiatur.
1033 2353 1093 2418 ego
1116 2329 1171 2396 de·

352 2461 384 2506 1s
420 2434 516 2516 nique
538 2433 721 2516 relinquens
737 2433 860 2516 aliquas
875 2434 934 2500 has
949 2434 1171 2500 altercationes

353 2563 383 2608 ts
422 2536 496 2602 dico
520 2535 609 2620 quod
632 2537 809 2602 certissime
831 2561 896 2602 non
910 2537 992 2603 bene
1007 2537 1097 2603 solvo
1112 2535 1172 2604 Se·

423 2707 435 2752 1
469 2705 576 2752 insertim
610 2705 682 2753 Groo.
707 2707 731 2752 2.
762 2707 772 2753 ΙΙ
805 2707 994 2765 quodammodo]
1028 2692 1116 2766 quodrir
1142 2707 1170 2760 A,

421 2767 502 2839 Qd'rir
519 2783 549 2828 B.
598 2784 787 2838 4vtderiedrsstt.
809 2783 818 2828 ΙΙ
842 2784 968 2842 optutibus
979 2784 1029 2841 AB,
1048 2785 1088 2843 qut
1099 2797 1172 2842 repro

420 2855 555 2902 obtutibus.
628 2853 839 2914 6supre1225.
912 2857 926 2902 7
956 2853 1038 2914 Segorl
1056 2853 1123 2912 legor
1140 2853 1170 2910 B,

420 2927 445 2971 in
463 2921 537 2985 segor
550 2925 579 2970 Α.
652 2926 915 2982 8vestremlrtram11.
995 2926 1008 2970 9
1033 2923 1131 2970 hiemali
1141 2923 1171 2970 B.

422 2997 534 3043 10-14
567 3002 591 3041 et
614 2995 706 3040 aestivo
723 3027 757 3036 ..
771 2997 879 3042 existunt
899 2997 994 3052 noctes}
1024 2993 1081 3042 Ideo
1109 2994 1171 3041 cele·
1227 3009 1230 3019 ·

420 3073 490 3114 scunt
498 3065 604 3126 hyemali
618 3072 733 3124 tempore,
749 3067 849 3126 majores
863 3068 919 3114 dum
933 3068 1040 3112 existunt
1048 3072 1131 3113 noctes
1148 3071 1172 3112 et

420 3137 457 3184 eol
475 3152 554 3184 mores
570 3137 630 3183 fucit
648 3150 691 3196 per
703 3151 777 3196 squas
793 3138 946 3196 ambulando,
965 3143 990 3184 et
1003 3139 1094 3184 aestivo
1113 3143 1172 3183 tem·

419 3222 477 3268 pore
495 3214 579 3254 noctes
596 3208 700 3254 minores
713 3209 769 3254 dum
787 3211 894 3256 existunt
906 3209 974 3256 editi:
993 3223 1048 3254 nem
1066 3211 1101 3254 sic
1112 3208 1173 3254 Por·

420 3278 536 3325 eternum
549 3278 625 3325 locum
636 3293 725 3324 sanare
738 3283 848 3336 tentavit·
866 3283 972 3328 invem
984 3285 1018 3324 eet
1030 3279 1089 3324 ordo
1102 3280 1173 3324 trium

420 3349 575 3396 membrorum
614 3350 645 3404 1)
673 3349 776 3396 ideo-
794 3357 888 3407 noctem
922 3350 953 3404 2)
980 3347 1018 3394 sol
1036 3379 1071 3388 -
1089 3349 1173 3394 ambu-

418 3418 492 3466 lando
501 3431 510 3478 ;'
534 3420 565 3476 3)
584 3425 609 3466 et
626 3421 873 3466 aestivo-existunt
884 3424 917 3466 ct.
959 3420 989 3464 lt
1010 3418 1069 3462 feeit
1086 3431 1131 3462 om.
1143 3418 1172 3461 A.

422 3493 454 3538 13
482 3491 579 3538 hiemali
597 3491 627 3536 B.
