2790 4196
351 716 367 1586 Φωκῐῠῖφιρωὲφῌ·

336 1649 349 2108 ν-*ο-ιι-ι-Δμ

353 1648 369 2108 ΙβωωΙ-Φ

554 689 641 756 Orea

551 793 708 879 Neapolis

554 895 675 982 Clipeis

553 999 706 1066 Simiama

554 1103 676 1188 Coi-pas

555 1206 680 1270 Maxila

554 1309 678 1374 Thiuus

497 1465 502 1476 .
554 1410 694 1499 Cartago
718 1415 831 1478 civitas
853 1435 971 1499 magna

555 1514 650 1582 Gallo
673 1518 844 1604 galliuaoio

553 1621 699 1705 Antiqua
721 1622 846 1685 oolonia

554 1724 611 1789 Ad
632 1733 763 1811 pertusa

555 1826 690 1894 Cosinsa

555 1933 692 2018 Tyraria

556 2035 663 2100 Utica.
720 2027 723 2033 ¹

407 2329 419 2371 1
439 2325 520 2372 Horea
538 2327 602 2384 editi,
624 2327 717 2373 Horrea
736 2326 818 2374 Caelia
835 2328 904 2373 vicus
922 2327 987 2384 Ant,
1010 2326 1050 2374 Ad
1061 2327 1154 2374 Horrea

407 2395 464 2443 Tot.
520 2398 534 2442 2
553 2396 668 2456 Neapolis
687 2399 758 2445 etiam
776 2399 798 2443 V
813 2398 838 2453 5,
861 2397 965 2456 Neapoli
983 2399 1039 2444 Aac.
1059 2404 1081 2443 et
1097 2397 1153 2443 Tot.

405 2470 419 2514 3
440 2466 532 2525 Clipeis
549 2469 619 2512 etiam
636 2468 687 2514 Va
710 2469 842 2527 Tob.Ant.‚
863 2467 961 2528 Clypeis
974 2470 1039 2516 editi.
1080 2470 1096 2514 4
1116 2468 1154 2516 Si-

403 2551 493 2584 nuama
510 2537 574 2594 editi,
598 2537 714 2585 Siminina
731 2541 753 2586 V
767 2540 792 2586 5.
867 2540 881 2585 5
902 2553 985 2586 earnes
1002 2539 1073 2597 ABG,
1096 2539 1154 2587 Car·

404 2624 449 2668 pos
461 2610 525 2666 Aut,
545 2607 636 2668 Carpus
656 2610 707 2656 Va.
763 2613 777 2657 6
796 2609 898 2657 Maxula
915 2611 972 2656 editi
989 2617 1016 2656 at
1033 2611 1080 2658 Va
1097 2612 1153 2656 Ant.

409 2681 464 2726 Tub.
525 2682 538 2726 7
558 2681 673 2740 thynioon
692 2683 772 2741 (corr.
792 2681 898 2742 thynos)
919 2680 942 2738 0,
970 2683 1069 2741 Thynua
1089 2681 1152 2736 editi,

405 2753 503 2798 Thuuoa
520 2751 542 2796 V
556 2752 581 2809 5,
604 2752 683 2798 Thuni
705 2753 760 2798 Tot.
815 2755 830 2798 8
850 2751 971 2812 Carthago
990 2753 1055 2810 editi,
1080 2751 1155 2799 Char·

404 2825 495 2881 tingine
513 2822 572 2880 Va,
601 2822 771 2883 Chartaginem
795 2831 817 2869 et
841 2822 986 2881 chartagine
1011 2823 1117 2869 Gromot.
1142 2823 1157 2868 1

403 2893 485 2952 p.307
505 2893 537 2939 24
557 2900 579 2940 et
591 2895 642 2939 308
662 2893 676 2937 7
691 2895 726 2940 ed.
740 2895 838 2940 Lootm.
882 2895 896 2939 9
916 2893 981 2953 gallo
994 2894 1088 2953 gallina
1102 2894 1151 2950 AB,

405 2964 469 3025 gallo
487 2964 602 3023 gallinam
622 2964 645 3022 0,
665 2965 761 3011 Gallum
780 2965 936 3024 gallinacium
954 2965 1013 3023 Va,
1038 2964 1077 3011 Ad
1096 2963 1154 3012 Gal·

403 3036 453 3082 lum
481 3035 634 3094 gallinacium
667 3037 734 3092 Ant,
773 3035 871 3082 Gallum
903 3035 1060 3082 Gallinatium
1098 3035 1153 3080 Tot.

407 3109 437 3153 10
456 3105 563 3164 Antiqua
575 3105 681 3162 colonia]
701 3109 815 3150 incertam
833 3121 864 3151 aa
883 3107 916 3152 ad
922 3107 1069 3165 praecedens
1082 3105 1153 3153 Gallo

404 3177 532 3238 gallinaeio
544 3179 670 3234 pertineat.
694 3178 774 3234 postia
786 3177 882 3224 Uticam
895 3177 1014 3224 coloniam
1026 3179 1153 3236 auspicari,

404 3263 463 3309 quoe
484 3249 578 3293 noaaiai
594 3248 626 3292 VI
648 3247 683 3292 M.
701 3247 729 3292 P.
754 3262 769 3292 a
793 3247 863 3294 Gallo
882 3249 1011 3308 gallinacio
1036 3249 1110 3295 dietat
1131 3254 1154 3293 et

403 3319 472 3380 infra
486 3320 531 3366 Va
545 3321 610 3364 tauta
622 3317 717 3365 Gallum
731 3317 887 3377 palliaacium
900 3322 1012 3377 [tonitam
1034 3321 1076 3366 aad
1090 3319 1152 3365 ιι.14

403 3393 508 3436 recurrit
519 3390 597 3436 Utica.
655 3391 684 3435 11
704 3388 744 3435 Ad
756 3395 852 3449 pertusa
864 3393 934 3436 etiam
945 3391 1000 3437 Tot.
1058 3393 1089 3436 12
1109 3389 1154 3436 Ce-

403 3463 479 3518 sinsa]
499 3460 577 3507 cieisa
599 3462 662 3519 Tala,
682 3460 764 3522 Cigisa
781 3462 837 3507 Aac.
905 3463 934 3507 13
954 3462 1068 3521 Tyrarial
1088 3462 1154 3507 Thu-

342 3551 345 3556 ·
403 3533 465 3578 raria
487 3532 540 3576 Tab.
561 3538 583 3577 et
600 3533 640 3578 III
657 3533 680 3578 6.
