2562 3996
277 380 330 434 548
946 397 1028 434 omno
1049 389 1096 435 111

298 553 310 598 1
349 531 450 595 caseis
484 529 647 594 montibus
681 527 845 617 egreditur
879 540 911 595 et
943 531 978 596 in
1011 556 1098 598 mare
1189 605 1192 610 ,

296 657 311 701 a
348 633 435 717 quod
457 642 507 698 est
528 657 665 720 maguus
692 635 782 700 sinus
804 633 961 700 Ponticus
982 635 1098 717 influit,

295 761 311 804 a
347 739 432 803 inter
458 739 572 802 Asiam
601 747 635 802 et
661 739 826 824 Europam
859 737 1017 821 dividere,
1051 739 1098 804 di-

295 864 312 908 4
348 852 457 908 eentes
481 839 662 906 Caucaseos
689 861 799 906 seeum
821 839 957 927 Caspios
980 843 1098 928 ample-

296 965 310 1010 a
347 957 450 1028 etere⁷
478 967 659 1032 magnoque
686 946 842 1031 perplexu
870 955 904 1010 et
930 946 1097 1010 intervallo

295 1071 310 1114 6
346 1049 475 1116 sibimet
497 1048 627 1114 eosdem
641 1047 785 1134 Ripheos
806 1058 932 1115 montes
947 1049 1097 1115 adunare.

295 1173 309 1218 7
347 1153 405 1220 sed
432 1163 469 1218 ut
497 1151 698 1238 praedictum
727 1162 794 1235 est,
827 1151 1010 1218 omnimodo
1038 1154 1098 1218 fal-

294 1277 310 1322 8
345 1259 474 1322 luntur:
497 1281 573 1322 nam
586 1257 686 1322 Asiae
708 1257 782 1321 finis
805 1255 949 1322 eiusdem
970 1266 1098 1342 septen-

295 1379 309 1423 a
345 1362 492 1426 trionalis
514 1361 630 1448 plagae
645 1360 766 1424 Tanais
789 1369 822 1424 et
836 1359 985 1424 Meotida
1004 1361 1096 1445 palus

278 1481 310 1527 10
347 1475 406 1531 est.
446 1465 537 1530 euius
552 1465 708 1529 immensa
722 1463 897 1528 exundatio
911 1463 1097 1529 ineundam

278 1587 308 1630 11
346 1592 500 1656 magnum
528 1569 634 1632 sinum
661 1567 834 1632 Ponticum
860 1568 987 1654 mergit.
1042 1570 1097 1652 qui

253 1698 254 1702 ¹
278 1688 310 1733 12
344 1675 470 1740 Pontus
486 1671 528 1736 ad
543 1672 733 1736 exteriorem
742 1680 867 1756 partem
877 1694 936 1757 per
945 1695 1097 1758 magnum

277 1793 309 1837 ra
347 1787 521 1866 angustum
536 1775 624 1859 quod
636 1774 762 1840 Hieron
777 1775 895 1840 dieitur
907 1777 942 1840 in
951 1776 1098 1862 Propon-

277 1896 310 1940 14
345 1883 446 1948 tidem
473 1879 588 1944 influit.
637 1878 853 1964 Propontides
882 1889 990 1944 autem
1017 1881 1098 1944 infe·

277 1997 308 2043 15
344 1985 483 2054 rioribus
506 1984 664 2070 angustiis
690 1984 862 2048 terminata
886 2006 922 2048 os
945 1999 1097 2070 magnum

277 2099 308 2144 16
345 2113 433 2156 mare
455 2091 623 2171 sinumque
644 2088 762 2174 mergit
783 2087 980 2168 orientalem,
1006 2088 1097 2152 euius

277 2205 308 2249 1⁷
345 2194 499 2260 littoralia
523 2193 604 2256 fines
632 2191 732 2256 Asiae
761 2199 837 2256 sunt
865 2192 1097 2275 septentriona-

277 2310 308 2355 18
346 2299 421 2362 liter
442 2320 501 2383 per
522 2319 579 2360 ora
600 2296 698 2360 maris
720 2295 829 2380 magni
851 2294 1018 2381 Aegyptii.
1056 2294 1095 2360 ab

277 2415 308 2460 19
346 2424 465 2467 oooasu
487 2409 594 2465 autem
608 2399 709 2464 Asiae
729 2398 810 2462 fines
825 2399 916 2463 iuxta
930 2395 1097 2463 Oceanum

275 2519 308 2564 ao
345 2506 492 2591 superius
513 2512 707 2568 memoratae
727 2502 921 2587 Aethiopiae
941 2502 1098 2590 Teligito-

379 2703 471 2748 codices
488 2699 537 2761 bsv.
788 2699 821 2762 cs.
834 2701 893 2747 Rae.
908 2701 959 2746 115
979 2700 1059 2760 13sq.

345 2810 359 2854 2
386 2821 500 2867 maguum
524 2807 602 2852 sinum
624 2807 750 2864 ponticum
777 2804 812 2866 bs.
900 2808 916 2852 4
944 2807 1038 2866 capsios
1060 2804 1094 2866 bf.

344 2881 358 2926 6
386 2880 500 2938 rhipheos
519 2877 540 2924 b.
596 2879 609 2922 'l
639 2881 675 2922 set
686 2874 713 2937 f.
768 2879 782 2922 9
810 2882 896 2938 tanays
907 2876 933 2937 f,
962 2878 1057 2924 thanais
1073 2892 1095 2922 o.

346 2951 377 2995 10
397 2951 505 2996 inmensa
516 2947 542 3008 f,
562 2949 696 2994 ininmensa
709 2948 731 2993 b.
758 2949 768 2993 ll
793 2950 903 2995 eumdem
916 2949 937 2994 b.
988 2950 1019 2994 la
1038 2948 1097 2994 Hie-

342 3024 400 3077 ron}
418 3023 511 3081 hyeron
523 3017 549 3080 s,
576 3019 721 3079 hyehronb,
748 3021 815 3066 ieron
826 3034 848 3077 v,
874 3020 926 3066 lero
944 3019 1051 3065 suasa
1071 3022 1095 3064 1.

346 3093 377 3138 13
400 3094 432 3136 14
467 3091 614 3150 propontide
645 3090 749 3136 influunt
779 3089 814 3150 bf.
871 3091 900 3136 15
934 3091 1043 3136 eminete
1073 3105 1094 3135 a.

346 3165 376 3208 17
399 3164 430 3209 18
458 3161 686 3221 septemtrionallter
702 3175 745 3220 per
762 3163 822 3207 hora
841 3161 863 3206 h.
919 3163 949 3208 18
970 3161 1057 3220 egipcii
1069 3158 1095 3220 s.

345 3235 376 3278 19
405 3247 461 3292 asye
474 3231 499 3293 s.
528 3233 537 3279 ll
562 3235 688 3278 occianum
700 3229 726 3292 s,
750 3245 879 3278 occeanum
892 3231 913 3276 b.
968 3233 1000 3278 20
1019 3233 1097 3278 ethio-

343 3305 382 3361 pie
395 3302 420 3362 f.
470 3305 599 3349 20-540
621 3304 635 3348 2
654 3302 1000 3362 Teligltorum-Aethiopiae
1018 3317 1061 3348 om.
1073 3318 1094 3348 a.
1138 3356 1140 3368 Ι

344 3375 376 3418 20
395 3373 543 3432 tegilitorum
560 3374 581 3430 b,
605 3373 808 3432 Troglodytorum
827 3375 885 3419 Rae.
