2710 4004
222 313 297 361 Vt4
374 321 376 326 '
996 313 1048 366 445

241 483 254 528 1
293 460 356 525 lius
371 469 609 546 perscrutantes
622 457 752 525 Christo
767 459 860 526 nobis
875 460 1048 526 auxiliante

241 585 255 630 a
293 563 544 651 designavimus.
588 565 697 648 itaque
713 565 820 628 omnia
835 563 1046 650 adimplentes

241 689 255 734 a
293 666 335 732 ad
368 690 549 752 supremam
582 677 619 732 ut
647 665 792 732 dieamus
821 677 923 733 totam
950 668 1047 754 longe

240 790 257 836 4
293 771 423 854 lateque
440 769 591 835 diffusam
605 771 720 836 Asiam
735 779 767 835 et
783 771 1048 857 spatiosissimam

242 893 256 940 5
293 874 440 938 Africam
463 881 559 960 atque
581 875 746 960 Europam
769 876 854 940 omni
876 874 974 940 modo
996 883 1061 938 r0-'

243 998 256 1042 a
295 977 527 1059 bustissimam‚
555 987 592 1042 ut
615 977 737 1042 dietum
760 987 819 1060 est,
847 979 969 1064 positas
991 1001 1049 1064 pa-

242 1100 256 1145 7
293 1082 373 1146 trias
402 1081 454 1144 vel
485 1081 631 1146 civitates
655 1091 750 1166 atque
772 1081 904 1146 flumina
924 1081 1049 1167 potuis-

242 1201 256 1246 a
294 1207 401 1250 semus
418 1181 548 1250 Christo
563 1185 624 1250 deo
639 1196 750 1251 nostro
766 1184 858 1250 nobis
874 1185 1048 1250 auxiliante

242 1305 256 1348 e
294 1311 404 1354 earum
428 1298 534 1352 eastra
555 1289 607 1353 vel
628 1289 860 1375 promunturia,
882 1290 1049 1354 universos

227 1406 257 1452 10
294 1400 472 1473 torrentes,
500 1416 612 1457 verum
643 1395 740 1458 etiam
762 1402 893 1480 petrosa
913 1393 1050 1478 refugia,

227 1511 257 1555 11
296 1495 455 1578 simulque
479 1518 588 1560 earum
614 1499 783 1584 regionum
811 1495 923 1563 stadiis
946 1496 1051 1560 minu-

228 1613 259 1657 12
295 1599 360 1663 tius
384 1621 547 1663 enarrare:
570 1599 628 1664 sed
650 1610 687 1664 ut
709 1625 774 1666 non
789 1601 925 1688 amplius
940 1600 1051 1686 legen-

229 1718 260 1762 13
296 1702 384 1767 tibus
412 1702 579 1767 fastidium
612 1704 816 1769 audientibus
843 1704 1051 1768 multifariam

229 1821 261 1866 14
296 1807 486 1893 ingererem,
502 1805 575 1870 ideo
591 1829 673 1891 quae
688 1807 910 1872 inenarrabilis
926 1807 1052 1891 sapien-

229 1922 260 1969 15
296 1911 343 1975 tia
359 1908 411 1974 dei
427 1910 539 1996 patris,
563 1906 712 1976 Christus
728 1911 807 1976 deus
822 1920 932 1977 noster
947 1919 979 1974 et
995 1909 1052 1974 do-

228 2029 260 2075 16
297 2014 414 2096 minus,
430 2023 463 2078 et
479 2014 760 2082 consubstantialis
778 2015 909 2101 spiritns
920 2022 1051 2080 sanetus

228 2133 260 2178 17
297 2118 377 2183 mihi
392 2119 549 2204 inspirare
563 2119 669 2201 iussit,
691 2116 783 2184 vobis
806 2119 898 2203 quasi
911 2117 1053 2183 breviter
1153 2108 1155 2118 ’

229 2236 261 2281 18
299 2221 477 2310 designavi.

300 2447 315 2492 3
343 2457 480 2504 supremum
498 2444 563 2490 editi.
621 2445 637 2489 4
665 2458 748 2504 asyam
766 2444 795 2489 B.
842 2443 852 2490 n
895 2444 1053 2503 spatiossissi-

298 2530 363 2562 mum
380 2515 410 2561 B.
466 2517 479 2561 5
500 2516 607 2560 affricam
625 2515 655 2560 Β.
711 2516 925 2574 9pr0muntuuria
942 2516 971 2572 A,
998 2529 1053 2574 pro·

299 2587 419 2632 monteria
437 2585 502 2631 editi.
569 2587 600 2632 10
628 2587 712 2642 etiam]
731 2591 756 2631 et
773 2586 838 2631 editi.
903 2587 933 2632 ll
962 2599 1054 2631 earum-

300 2670 346 2715 que
365 2657 395 2702 B.
440 2656 450 2702 ΙΙ
494 2656 590 2713 stadiis]
610 2657 736 2702 distantias
754 2671 786 2702 aa
807 2657 934 2703 distantias
952 2653 1054 2702 stadiis?

300 2725 334 2788 cs.
345 2727 379 2774 39
399 2727 441 2785 12,
455 2728 531 2774 stadis
544 2727 618 2773 Groa.
628 2728 652 2771 1.
692 2727 723 2772 12
743 2740 867 2773 ennarrare
880 2727 910 2773 Β.
949 2729 980 2773 13
999 2741 1054 2772 aum

301 2795 501 2844 audientibusve?
569 2800 600 2843 14
629 2811 689 2856 quae
708 2811 752 2843 om.
771 2798 815 2843 AB
833 2797 898 2843 editi.
926 2797 935 2844 ΙΙ
961 2798 1054 2844 inenar-

300 2868 418 2915 rabilibus
446 2870 474 2914 Α.
524 2869 534 2915 ΙΙ
584 2868 700 2927 sapientis
728 2867 802 2914 Gran.
817 2867 846 2926 2,
875 2869 997 2929 sapiencia
1022 2869 1051 2914 B.

303 2941 333 2986 17
363 2940 437 2986 michi
455 2941 483 2986 A.
520 2940 529 2986 ΙΙ
564 2940 645 2998 quasi}
664 2951 725 2996 quae
748 2939 812 2985 editi.

604 3171 752 3188 ...ι-...-
