2710 4004
223 429 295 478 ΗΒ
996 427 1049 481 443

242 597 254 641 1
446 575 597 641 Noetoia.

241 699 255 743 2
336 679 459 745 Iterum
473 680 508 744 in
528 679 602 764 ipso
619 675 752 746 Ooeano
768 677 970 760 diutissimo,
994 701 1049 742 ex-

241 803 256 847 e
292 783 392 868 pieta,
414 792 451 847 ut
474 781 630 865 diximus,
660 791 752 869 parte
774 781 986 864 occidentali,
1013 780 1049 846 id

240 903 256 948 4
294 895 343 952 est
364 884 585 974 regredientes
612 883 654 950 ad
682 893 807 972 purtem
829 884 1049 968 meridianam,

241 1004 255 1050 s
293 990 407 1076 procul
437 1012 457 1054 a
483 988 577 1053 litore
599 986 738 1076 Spanius
768 998 819 1054 est
840 989 946 1054 insula
967 1011 1049 1074 quae

241 1110 256 1154 o
295 1092 415 1158 dieitur
436 1091 553 1178 Thyle,
576 1090 617 1156 de
640 1114 705 1176 qua
727 1101 760 1157 et
780 1091 981 1158 Mantuanus
1004 1093 1050 1157 ait

241 1212 255 1257 7
295 1198 381 1262 inter
395 1197 520 1280 reliqua
537 1194 617 1278 „tibi
633 1195 751 1260 serviet
764 1195 1026 1283 ultimaThyle.“

241 1313 256 1359 s
336 1299 458 1365 Iterum
473 1300 508 1364 in
522 1299 594 1386 ipso
610 1296 754 1381 Oceano,
776 1308 813 1364 ut
829 1298 980 1383 diximus,
995 1323 1050 1364 ex-

241 1417 256 1461 o
291 1403 380 1489 pleta
408 1411 500 1488 parte
529 1401 738 1486 oooidentali,
766 1402 985 1490 regredientes
1009 1401 1052 1469 ad

225 1520 256 1565 ιο
292 1505 501 1572 meridianem
523 1515 659 1592 partem,
687 1506 764 1573 litus
788 1506 938 1594 Spaniae,
959 1507 1051 1574 iuxta

226 1626 256 1670 11
292 1609 479 1676 multotiens
502 1609 625 1674 dietum
651 1611 767 1676 fretum
792 1607 1051 1699 Septemgsdita·

226 1727 257 1774 12
292 1737 371 1779 num
404 1711 557 1778 dicuntur
593 1713 718 1779 insulae
751 1736 888 1800 quarum
921 1716 1052 1780 nomine

226 1833 257 1878 rs
293 1818 403 1883 multis
425 1815 530 1882 modis
552 1817 743 1883 invenimus.
781 1818 909 1904 inipso
931 1820 1050 1905 quippe

226 1935 258 1980 14
294 1919 471 1987 meridiano
499 1917 631 1986 Ooeano
664 1930 741 2006 post
769 1921 968 2008 Aethiopum
993 1943 1051 2008 pe·

226 2035 257 2084 1⁶
295 2027 391 2091 triam
414 2024 560 2090 diversae
583 2024 727 2090 existunt
748 2025 889 2108 insulae,
918 2048 959 2090 ex
981 2026 1051 2110 qui·

226 2141 257 2188 16
294 2125 355 2195 bus
378 2129 558 2214 aliquantes
581 2129 746 2194 nominare
768 2127 928 2212 volumus,
950 2127 1051 2196 idest

226 2246 257 2292 1⁷
445 2233 608 2298 Azanasis

297 2359 308 2403 1
336 2363 392 2416 post
408 2356 514 2404 Noetois
533 2356 552 2406 G
572 2357 628 2404 odd.
652 2359 682 2405 de
705 2357 785 2404 insula
808 2371 854 2416 que
877 2357 966 2403 dieitur
990 2357 1050 2404 thile

294 2429 319 2474 in
339 2441 443 2474 occeano
463 2427 607 2474 dilutiesimo
626 2434 695 2488 purte
706 2429 839 2475 meridiane
848 2441 863 2474 a
873 2427 955 2473 littore
968 2429 1051 2487 spanis

293 2499 382 2559 posite.
436 2499 631 2558 tregrsdieutes
647 2497 671 2546 θ.
698 2499 708 2545 ΙΙ
734 2499 869 2558 adpertem
881 2497 1050 2554 meridianem]

295 2575 395 2629 operte
414 2569 587 2616 meridianeB
605 2569 704 2616 editior
722 2583 786 2616 coer.
809 2568 834 2616 0.
904 2571 918 2615 6
946 2569 1005 2616 thile
1026 2568 1050 2627 0,

294 2640 355 2700 Tyle
376 2639 400 2685 Β
418 2639 482 2685 editt.
519 2639 529 2685 ll
565 2641 593 2686 de
613 2653 661 2699 que
678 2643 736 2697 ete}
761 2641 808 2697 „de
827 2653 875 2698 qua
892 2639 1049 2686 Mantuanus:

295 2711 341 2758 tibi
359 2710 450 2757 serviet
471 2709 558 2756 ultime
575 2709 670 2772 Thyle“
697 2710 797 2757 Jordan.
816 2709 845 2756 de
862 2710 911 2756 reb.
933 2709 984 2756 Get.
1003 2711 1049 2756 c.1

294 2795 323 2827 ex
338 2781 405 2842 Vero.
426 2781 512 2842 Gom.
530 2780 603 2827 130.
649 2781 660 2827 ΙΙ
702 2787 728 2828 et
744 2781 903 2837 Mantuanus]
927 2786 1052 2827 emuntue·

294 2865 340 2898 nus
357 2849 436 2908 AB&
462 2857 606 2898 mantuanus
625 2865 702 2913 mary.
719 2850 743 2898 0.
771 2851 781 2898 ΙΙ
807 2857 850 2912 eyt
870 2850 894 2897 0.
971 2852 1051 2898 7tibi

295 2923 396 2979 serviet]
415 2923 524 2970 seruiunt
536 2923 582 2968 tibi
596 2928 620 2969 et
634 2923 661 2980 B,
681 2923 755 2969 servit
766 2922 813 2969 tibi
826 2927 851 2968 et
863 2921 928 2968 editi.
955 2921 966 2968 ll
990 2922 1051 2982 Tyle

295 2993 318 3039 Β
336 2993 401 3039 editt.
428 2993 438 3039 ΙΙ
460 2999 517 3052 post
529 2992 607 3054 Thyle
628 2991 713 3039 Cadd.
732 2993 762 3039 de
774 2992 861 3039 insulis
874 2992 972 3052 explete
983 2998 1051 3052 perte

296 3063 441 3110 occidentali
458 3065 621 3124 regredientes
633 3069 726 3124 partem
743 3063 901 3110 meridianam
912 3063 983 3108 iuxta
994 3063 1052 3110 litus

295 3135 379 3194 spsnie
389 3139 413 3180 et
421 3135 509 3181 fretum
518 3133 726 3194 septegeditonum
736 3135 830 3194 positis.
855 3159 856 3162 =
872 3135 886 3179 9
906 3133 937 3179 ed
949 3147 994 3179 om.
1003 3132 1050 3181 AO.

297 3206 328 3252 1o
357 3210 450 3265 portem
477 3205 634 3252 meridianam
667 3204 691 3252 G.
784 3205 814 3250 11
848 3203 991 3251 multociens
1026 3203 1051 3252 Ο.

295 3275 305 3322 ΙΙ
318 3276 527 3336 septugeditsnum
554 3273 603 3323 Ao.
695 3277 726 3323 18
762 3273 911 3322 multimodis
937 3275 960 3322 B
987 3275 1051 3322 editi.

296 3347 330 3394 14
358 3351 449 3407 etyopr‘r
467 3347 498 3392 Β.
526 3347 536 3393 ΙΙ
561 3347 639 3407 patrie
658 3347 710 3392 ΑΒ.
767 3347 797 3393 16
825 3343 918 3394 insulae
940 3359 985 3392 om.
1003 3345 1051 3395 Ac.

298 3420 329 3466 17
356 3417 480 3465 Azuvazia
497 3417 562 3464 editi.
