2872 4210
1142 311 1190 358 11

390 477 402 521 1
439 453 501 518 lius
523 453 584 519 tibi
605 453 746 519 indicem
763 453 929 536 mundum,
951 455 1113 523 recordari
1135 455 1193 520 de·
1234 530 1239 538 Ι

388 580 403 624 a
439 556 496 620 bes
520 557 607 640 quod
629 559 674 622 ait
695 558 729 621 in
756 559 876 622 sanctis
899 559 1066 644 scripturis
1089 558 1193 624 domi-

389 683 403 728 a
439 683 500 724 nus
530 660 641 726 dicens
673 660 749 742 „ubi
777 683 847 726 eras
877 661 1006 744 quando
1032 662 1193 748 ponebam

388 787 404 832 4
440 763 649 828 fundamenta
662 761 788 828 terrae?
810 762 919 828 indica
937 765 1026 847 mihi,
1042 767 1070 830 si
1091 766 1192 831 hahes

390 889 404 936 t
441 868 695 956 intelligentiam.
725 866 796 949 quis
811 868 919 951 posuit
934 891 1099 934 mensuras
1112 870 1192 951 eius,

390 996 403 1040 c
442 973 469 1042 si
491 973 591 1054 nosti,
616 971 668 1035 vel
691 969 762 1053 quis
785 970 922 1036 tetendit
944 995 1041 1058 super
1063 996 1134 1038 eam
1153 973 1193 1037 li-

390 1097 404 1141 7
441 1075 576 1140 neam?“
602 1084 634 1139 et
657 1072 733 1137 alibi
758 1072 980 1153 „altitudinem
1004 1077 1084 1141 caeli
1099 1087 1131 1142 et
1145 1078 1193 1142 la-

390 1198 405 1243 s
441 1177 612 1242 titudinem
622 1187 726 1242 terrae
739 1185 771 1239 et
785 1177 979 1261 prohmdum
995 1179 1105 1266 abyssi
1119 1183 1192 1265 quis

391 1302 405 1348 c
441 1304 571 1346 mensus
595 1281 686 1348 est?“
711 1279 770 1345 sed
791 1289 917 1346 tantum
941 1303 1014 1348 cum
1035 1286 1193 1372 propheta

374 1404 405 1450 10
443 1386 616 1450 clamemus
641 1407 757 1468 „quam
778 1385 984 1470 magnificata
1005 1397 1081 1452 sunt
1096 1411 1194 1474 opera

374 1511 404 1556 11
441 1499 508 1572 tua,
531 1489 675 1554 domine!
699 1487 806 1552 omnia
826 1487 860 1550 in
882 1489 1040 1574 sapientia
1054 1492 1190 1556 fecisti.“

374 1615 406 1660 12
441 1617 516 1658 nam
540 1592 627 1677 quod
649 1590 736 1678 apud
756 1591 932 1656 humanum
946 1616 1076 1660 sensum
1089 1595 1193 1680 possi-

374 1718 405 1764 13
441 1697 506 1761 bile
529 1705 589 1778 est,
614 1696 787 1760 multorum
808 1695 1072 1782 philosophorum
1093 1698 1193 1786 relegi

375 1822 407 1868 14
441 1800 540 1866 libros
560 1797 689 1864 Christo
712 1798 841 1864 iuvante
863 1801 1071 1885 inquantum
1085 1801 1192 1866 valeo:

375 1926 405 1974 15
443 1905 494 1968 aio
517 1903 588 1986 tibi,
617 1903 695 1968 licet
716 1902 750 1966 in
772 1901 868 1968 India
895 1905 1023 1992 genitus
1045 1928 1110 1970 non
1132 1906 1193 1970 sim

375 2033 406 2080 16
442 2029 547 2090 neque
570 2005 664 2072 alitus
687 2006 721 2070 in
737 2001 848 2072 Scotia
867 2030 973 2092 neque
992 2007 1195 2094 perambula·

375 2136 406 2182 17
442 2111 543 2175 verim
554 2109 785 2202 Mauritaniam
796 2109 891 2174 simul
902 2133 963 2174 nec
972 2120 1193 2196 perscrutatus

375 2237 407 2283 18
444 2215 504 2280 sim
519 2212 687 2299 Scythiam
710 2220 766 2276 aut
787 2235 845 2298 per
860 2213 1066 2302 quadrigines
1083 2215 1194 2282 ambu-

376 2341 406 2386 19
442 2317 577 2382 laverim
591 2315 713 2399 muudi,
736 2324 877 2382 attamen
892 2318 1102 2384 intellectuali
1117 2318 1194 2384 doc-

374 2443 406 2490 20
443 2420 529 2485 trina
551 2418 653 2484 imbui
679 2429 784 2504 totum
804 2421 960 2486 mundum
982 2422 1194 2488 diversarum-

374 2549 405 2596 21
443 2546 505 2608 que
528 2524 674 2610 gentium
688 2523 914 2608 habitationes,
937 2527 1022 2591 sicut
1035 2527 1069 2590 in
1085 2549 1194 2591 eorum

445 2704 458 2748 1
487 2703 599 2758 indicem]
616 2703 717 2750 inditem
735 2704 764 2761 B,
788 2703 894 2752 include
913 2707 942 2752 A.
965 2706 975 2752 ll
995 2707 1156 2763 debesliubes
1172 2706 1200 2752 Β

443 2773 507 2820 aditi.
571 2774 585 2818 3
614 2774 704 2830 dicens]
721 2775 763 2820 Iob
782 2775 817 2822 38
835 2776 887 2822 45.
946 2778 960 2822 6
989 2777 1099 2833 tetendit}
1118 2782 1142 2822 tc
1159 2781 1194 2822 te·

438 2844 547 2891 -nebltB.
568 2842 578 2888 ll
594 2848 655 2901 cam]
665 2844 731 2892 illam
741 2846 806 2892 editi.
849 2849 863 2892 7
883 2847 951 2904 alibi]
963 2847 1129 2909 Ecclesiastioi
1141 2847 1156 2892 1
1170 2847 1194 2892 2.

444 2916 459 2960 9
486 2916 589 2970 tantum]
608 2919 689 2961 tamen
707 2917 771 2962 editi.
794 2917 804 2962 ΙΙ
824 2918 954 2978 propheta]
973 2916 1063 2963 Pealm.
1082 2916 1134 2962 103
1152 2917 1193 2963 24.

443 2986 475 3031 18
498 2983 705 3045 phylosophorum
713 2988 764 3046 AB,
778 2987 953 3047 quisiosolact.
1009 2987 1040 3034 15
1065 2988 1193 3034 niomil.

444 3056 476 3102 16
500 3053 580 3113 alitus]
593 3055 685 3116 aliquid
695 3058 724 3104 Α.
743 3057 754 3104 ΙΙ
769 3057 997 3117 perambulanissem
1009 3059 1038 3104 A.
1095 3059 1127 3104 17
1145 3073 1194 3106 ma·

441 3126 553 3173 ritaniam
567 3127 598 3173 B.
654 3129 686 3175 18
704 3129 824 3189 sycthinm
835 3129 865 3187 A,
883 3127 994 3177 scithiam
1005 3125 1036 3174 B.
1092 3130 1124 3175 lc
1138 3136 1195 3189 pont

442 3201 548 3244 chainan
565 3198 653 3245 Porci.
666 3197 734 3246 addit
751 3199 790 3245 ab.
862 3199 895 3245 20
923 3199 1011 3246 imbuti
1021 3199 1073 3258 AB,
1095 3201 1194 3248 imbutis

442 3268 530 3316 Porci.
549 3269 559 3316 ΙΙ
582 3273 649 3318 totns
666 3269 769 3317 mundns
785 3267 873 3316 Porci.
