2872 4210
386 561 419 612 12
1151 561 1198 611 15

404 732 417 774 1
454 705 654 788 extendatur,
681 716 714 771 et
739 705 873 792 proinde
903 705 1124 772 arbitrandum
1150 717 1201 773 est

403 833 417 877 s
454 810 529 893 quia
549 833 626 895 prae
640 809 747 875 valida
767 810 1001 896 longinquitate
1015 809 1200 895 praedictae

403 935 417 980 a
455 913 551 976 eremi
574 913 622 978 sol
643 935 748 978 moras
763 912 913 996 usquein
927 911 1055 978 Indiam
1071 915 1202 980 venien-

401 1038 418 1083 4
454 1016 531 1082 dum
552 1017 641 1098 facit,
664 1039 737 1081 oum
759 1014 906 1078 omnibus
927 1015 1034 1099 palam
1049 1027 1099 1082 est
1114 1017 1202 1102 quod

403 1143 417 1188 5
454 1120 538 1184 ultra
565 1121 645 1185 fines
671 1129 828 1184 terrarum
862 1118 963 1182 oritur
990 1119 1043 1184 vel
1071 1122 1202 1206 ponitur

402 1233 416 1294 6
454 1223 518 1288 sol:
531 1222 572 1287 ad
584 1245 663 1306 quos
677 1222 813 1286 dicimus
825 1221 984 1304 quomodo
995 1223 1086 1287 verbi
1097 1225 1203 1310 gratia

403 1351 417 1395 7
455 1335 519 1391 stat
541 1327 637 1390 homo
652 1326 686 1389 in
701 1322 821 1405 scotia,
844 1323 900 1388 ubi
922 1325 986 1389 iam
1007 1335 1094 1390 terra
1115 1327 1201 1392 ultra

403 1453 418 1498 8
455 1429 543 1494 nullo
565 1428 661 1494 modo
675 1428 835 1492 invenitur
850 1428 936 1513 apud
950 1430 1107 1494 humanos
1123 1452 1201 1494 oou·

403 1557 417 1601 a
454 1533 514 1614 los,
537 1533 566 1596 ei
589 1539 751 1616 comparet
772 1531 860 1613 quod
882 1533 1058 1598 certissime
1081 1531 1203 1598 duode-

387 1661 417 1704 ιο
456 1638 518 1700 cim
540 1636 634 1700 horas
658 1633 721 1698 diei
744 1634 870 1719 expleat
892 1644 924 1699 et
938 1637 1137 1721 propinquus
1153 1636 1202 1700 sol

387 1763 417 1808 11
456 1741 645 1816 collocetur3
669 1747 701 1802 et
723 1738 750 1802 si
772 1737 931 1802 inerudito
954 1761 1041 1803 more
1063 1761 1202 1824 pergens

387 1867 418 1912 12
454 1844 567 1908 itinere
582 1842 635 1907 hie
649 1841 857 1927 investigator
870 1841 967 1906 finem
978 1863 1113 1907 occasus
1125 1842 1202 1908 solis

387 1971 418 2016 13
456 1946 657 2029 exquisierit,
690 1965 891 2027 nequaquam
924 1945 1067 2010 iuvenire
1099 1955 1203 2032 putet,

387 2073 419 2118 14
455 2052 530 2134 quia
555 2046 777 2114 tantummodo
810 2049 945 2113 creatori
979 2050 1122 2115 omnium
1149 2071 1203 2114 co-

387 2175 418 2222 15
456 2155 581 2241 gnitum
604 2162 668 2230 est;
690 2151 760 2236 pari
775 2149 871 2215 modo
887 2162 919 2216 et
934 2153 1120 2218 orientalem
1133 2152 1204 2238 pla-

388 2282 418 2326 16
455 2281 530 2344 gam
544 2253 762 2320 arbitrandum
775 2264 835 2336 est,
851 2256 927 2338 quia
938 2257 1087 2320 exlatere
1099 2257 1204 2320 orien-

387 2383 418 2428 17
454 2360 521 2442 tali,
545 2359 689 2442 quamvis
712 2357 834 2422 dictum
857 2361 899 2424 sit
921 2359 1008 2443 quod
1022 2369 1096 2445 post
1110 2369 1204 2446 terga

387 2487 418 2532 18
456 2462 559 2527 eidem
573 2460 685 2526 Indiae
707 2461 974 2528 intransmeabilis
998 2464 1116 2528 existat
1135 2485 1203 2527 ere-

387 2592 418 2636 19
456 2587 538 2645 mua,
562 2565 657 2630 sicuti
680 2574 712 2630 et
733 2566 766 2629 in
781 2563 892 2630 Scotia
913 2565 1103 2632 duodecima
1124 2566 1203 2632 hora

386 2694 418 2738 20
456 2668 520 2732 diei
543 2668 693 2753 explicita
714 2679 920 2755 supputatur,
944 2672 1035 2754 quia,
1062 2680 1099 2736 ut
1120 2670 1203 2736 dixi·

386 2800 417 2845 21
455 2794 537 2852 mus,
559 2781 633 2856 post
645 2781 738 2859 terga
750 2773 914 2838 Britaniae
933 2773 1069 2855 adiacet,
1092 2797 1203 2858 quam-

386 2903 418 2948 ῃ
454 2877 503 2941 vis
514 2885 588 2961 post
600 2875 733 2941 eandem
744 2874 887 2942 Scotiam
899 2877 939 2942 ab
951 2878 1099 2942 humanis
1109 2878 1203 2944 obtu-

455 3101 468 3146 l
492 3101 562 3160 proin
580 3099 643 3146 editi.
698 3099 713 3144 2
736 3103 802 3159 prael
821 3115 864 3159 pro
882 3101 912 3147 Β.
967 3101 982 3146 3
1007 3101 1032 3146 in
1050 3098 1201 3144 om.Bodtti.

453 3172 463 3216 ΙΙ
476 3171 593 3216 veniendo
611 3170 675 3216 editi.
726 3170 744 3216 '8
771 3169 868 3216 occulos
884 3171 914 3215 B.
974 3172 1005 3216 11
1034 3170 1054 3215 si
1073 3169 1200 3225 inerudito}

453 3242 503 3288 sine
523 3243 603 3287 rutido
620 3241 664 3286 AB
686 3239 755 3295 eduo
778 3239 811 3300 ef.
831 3242 864 3286 10
885 3241 901 3285 2
923 3239 963 3284 ubi
986 3239 1105 3286 inerudito
1127 3252 1200 3284 more.

452 3313 462 3358 ΙΙ
475 3325 555 3358 morae
573 3311 638 3357 editi.
676 3310 707 3356 12
735 3310 783 3366 hio]
801 3311 839 3356 his
850 3311 895 3356 AB
907 3309 971 3354 editi.
994 3310 1003 3354 ΙΙ
1019 3314 1078 3368 poet
1089 3307 1129 3354 hio
1145 3309 1202 3355 editi

452 3382 542 3428 addant
553 3383 582 3428 si.
630 3382 660 3427 16
679 3379 911 3426 orientalisBedttt
967 3381 998 3424 18
1017 3379 1125 3426 eiusdem
1136 3379 1200 3424 editi.

453 3454 484 3498 21
512 3451 650 3498 Britanniae
661 3450 726 3496 editi.
785 3451 817 3495 22
845 3453 909 3509 post]
921 3462 964 3508 per
976 3449 1040 3496 editi.
1064 3449 1074 3494 ΙΙ
1094 3450 1201 3496 eamdam

452 3523 516 3569 editi.
539 3522 548 3567 Η
570 3521 694 3580 optutibus
710 3520 740 3566 Β.
