2562 3996
267 385 321 438 550
444 455 446 460 Δ
943 399 1025 434 ormo
1046 387 1094 434 124

292 558 305 604 1
344 531 559 614 Gaditanum,
592 532 647 597 ubi
678 542 728 597 est
757 533 851 598 Atlas
882 540 915 596 et
941 531 1094 599 Herculia

291 659 305 704 a
343 637 527 718 columnae,
556 636 654 721 quod,
682 645 719 701 ui
741 637 863 702 dictum
885 644 951 718 eat,
979 635 1095 702 dividit

291 767 305 810 a
341 739 489 804 Africam
504 739 545 804 ab
560 740 702 828 Europa,
723 739 953 805 Mauritaniam
967 761 1094 825 quoque

289 867 306 912 4
343 843 385 908 ab
412 843 582 928 Hispania.

291 969 305 1014 c
375 945 450 1016 123.
494 945 551 1011 Ad
573 968 724 1012 occasum
750 956 858 1011 eutem
879 947 961 1011 haec
982 947 1094 1012 eadem
1147 960 1151 966 '

290 1073 305 1118 o
341 1052 448 1137 portio
470 1050 569 1115 habet
590 1051 671 1115 fines
692 1051 970 1136 praenominatum
991 1049 1094 1117 Gadi·

291 1176 305 1219 ⁷
341 1165 454 1219 tanum
464 1162 651 1241 vergentem
666 1177 706 1218 ex
718 1152 852 1220 Oceano
861 1155 1093 1240 spatiosissimo

289 1281 305 1326 8
342 1256 472 1323 Gallico
501 1266 597 1341 atque
619 1257 791 1323 Valeriaco
817 1281 875 1324 seu
902 1259 1092 1344 Hispanico.

289 1385 304 1428 9
340 1385 417 1426 nam
438 1362 528 1426 nullo
550 1361 647 1426 modo
663 1361 704 1426 ab
720 1363 860 1446 antiquis
874 1362 1029 1428 traditum
1043 1385 1094 1427 re-

272 1487 304 1532 ιο
340 1466 463 1551 peritur
497 1465 584 1550 quod
618 1466 683 1531 hoc
717 1489 820 1548 marc,
859 1465 946 1551 quod
975 1465 1094 1532 dicitur

272 1589 303 1634 11
340 1593 510 1656 magnum,
543 1569 657 1635 influat
689 1571 757 1636 aive
791 1580 934 1658 emergat
960 1571 1013 1635 vel
1040 1592 1094 1634 co·

271 1696 304 1742 12
339 1674 470 1758 puletur
491 1674 524 1738 in
548 1675 610 1739 alio
631 1675 704 1739 loco
718 1675 799 1739 mari
815 1673 948 1740 Oceano
965 1684 1093 1760 praeter

272 1800 304 1846 la
338 1777 373 1841 in
387 1777 534 1862 superius
555 1779 676 1864 scripto
690 1779 783 1843 freto.
820 1778 908 1864 quod
920 1780 1093 1844 terminum

272 1903 305 1949 14
340 1881 471 1945 Africae
494 1890 527 1945 et
542 1881 716 1945 confinium
729 1881 880 1968 Europae
894 1879 1093 1948 Gaditanum

271 2011 302 2057 ιβ
339 1984 520 2070 appellatur
541 1993 724 2071 angustum.
770 1983 812 2049 ad
826 1995 951 2070 panem
965 2009 1092 2072 quoque

272 2113 303 2158 le
339 2087 658 2152 meridianam

270 2217 303 2261 1⁷
373 2189 448 2260 124.
498 2191 632 2276 Europa
657 2190 756 2256 habet
783 2192 881 2256 finem
906 2191 948 2257 ab
970 2195 1092 2260 oriente

271 2317 303 2362 re
338 2295 598 2379 praenominatos
608 2304 734 2360 montes
745 2293 901 2380 Ripheoa,
919 2296 1092 2382 exquibus

271 2420 302 2465 ra
339 2399 459 2464 Tanais
482 2399 700 2484 praescriptrm
722 2398 897 2486 egreditur,
922 2399 964 2464 ab
987 2401 1093 2465 excel·

376 2552 468 2598 codices
488 2550 538 2612 bfo.
605 2549 639 2612 cf.
651 2552 711 2598 Bac.
726 2551 777 2598 167
797 2553 861 2613 leq.
880 2559 903 2599 ei
921 2552 974 2598 323
992 2552 1055 2614 7aq.

341 2661 354 2704 1
383 2655 462 2704 atlans
480 2656 515 2718 bf.
543 2657 554 2702 ΙΙ
579 2657 666 2704 arculis
684 2657 705 2705 b.
765 2659 780 2704 2
809 2657 936 2718 columpne
947 2657 974 2720 f.
1011 2659 1021 2705 ΙΙ
1055 2665 1092 2705 eat

338 2731 449 2775 mittunt
475 2726 511 2789 bf.
614 2730 630 2776 3
658 2730 766 2776 affricam
785 2727 813 2790 s.
893 2732 909 2776 4
940 2731 1043 2790 yspania
1063 2727 1090 2790 f,

338 2800 433 2858 ispania
456 2799 479 2845 b.
539 2799 554 2846 5
583 2812 670 2846 occasu
688 2800 710 2846 b.
774 2803 788 2847 7
817 2813 921 2847 ccccmo
940 2799 976 2860 bf.
1001 2801 1011 2846 ΙΙ
1036 2814 1092 2860 spa-

338 2871 472 2918 cioaimimc
493 2867 521 2930 s.
587 2871 602 2916 8
625 2870 797 2933 hyspanicos.
865 2873 879 2917 9
906 2872 1042 2930 repperitur
1067 2871 1089 2916 b.

340 2943 371 2988 11
399 2941 452 2998 vell
472 2941 523 2986 eive
545 2955 567 2988 v.
635 2942 667 2988 12
687 2955 791 2988 occeano
809 2941 845 3003 bs.
919 2944 950 2988 13
977 2943 1003 2988 iu
1020 2955 1091 3001 aupe-

337 3014 400 3069 riuel
428 3012 528 3058 inferius
548 3010 576 3072 s.
617 3011 627 3057 ΙΙ
666 3013 730 3058 fretu
757 3011 792 3074 bs.
877 3013 908 3058 13
930 3014 963 3059 14
988 3018 1091 3060 termam

337 3085 418 3130 affrice
440 3080 467 3142 s.
542 3083 573 3130 15
606 3089 664 3142 poet
688 3091 817 3143 angustum
839 3099 853 3130 a
876 3083 998 3130 rubricam
1021 3083 1091 3130 acher

336 3155 452 3201 termium
464 3167 567 3212 europae
580 3159 605 3200 et
616 3154 717 3211 africam
728 3162 783 3214 poet
794 3154 951 3201 meridianam
963 3160 1000 3213 (v.
1015 3156 1062 3210 16)
1076 3154 1090 3200 b

335 3226 463 3272 terminum
482 3237 570 3283 europe
588 3229 613 3270 et
630 3225 711 3270 africe.
748 3225 858 3271 lacunam
875 3225 1036 3283 indicavimus,
1055 3223 1089 3285 os.

335 3296 396 3342 Rae.
409 3295 461 3342 1⁶6
480 3295 504 3341 3.
556 3297 587 3342 18
611 3296 715 3355 rypheos
727 3294 754 3356 s,
772 3297 894 3358 rhypheoa
912 3296 933 3342 b.
985 3297 1090 3343 191111-

335 3379 396 3425 nays
407 3363 434 3424 f,
458 3365 553 3412 thanais
569 3380 592 3410 v.
