2790 4196
358 571 410 626 166
1084 573 1120 618 ῙΠ
1139 573 1173 621 12

379 745 390 788 1
429 721 559 785 civitate
581 741 662 802 quae
685 717 804 783 dieitur
825 717 1066 800 Rinociironon,
1093 742 1175 802 quae

376 847 391 891 1
428 824 567 909 pertinet
589 846 629 886 ex
651 824 756 908 patria
777 823 931 909 Aegypti.

376 951 391 995 1
471 926 527 992 Ad
540 942 664 1012 partem
678 949 754 991 vero
769 925 978 991 meridianam
993 925 1089 990 habet
1104 927 1174 1010 ipsa

375 1053 390 1097 4
427 1032 531 1117 portio
554 1029 658 1095 Cham
679 1031 777 1095 finem
801 1027 969 1096 Oceanum
992 1031 1048 1114 qui
1068 1031 1174 1114 tangit

375 1156 390 1201 1
427 1135 632 1219 Aethiopiam
674 1135 925 1199 Auxumitanam
969 1131 1176 1198 Caudaeissis

375 1263 390 1308 1
426 1236 718 1324 Troglodytorum‚
755 1239 961 1324 Aethiopiam
997 1235 1176 1326 Garaman-

376 1366 390 1410 7
426 1342 524 1422 tium,
557 1341 764 1428 Aethiopiam
791 1341 989 1420 Biboblatis,
1017 1339 1172 1403 Maurita-

375 1468 390 1511 s
427 1445 513 1508 niam
526 1443 656 1510 Perosis
679 1455 712 1510 et
726 1445 956 1510 Mauritaniam
970 1444 1054 1530 Egel
1072 1464 1175 1526 usque

375 1569 390 1614 1
427 1547 469 1612 ad
490 1548 608 1612 fretum
629 1547 717 1632 quod
746 1549 933 1613 multotiens
956 1547 1094 1611 diximus
1117 1544 1176 1611 Se-

360 1672 390 1717 11
426 1651 711 1739 ptemgaditanum.

358 1774 388 1821 11
470 1753 527 1820 Ad
546 1765 671 1842 partem
692 1753 974 1841 septentrionalem
993 1752 1091 1818 habet
1104 1754 1173 1846 ipsa

359 1877 390 1923 11
425 1861 531 1946 portio
554 1856 658 1924 Cham
685 1859 783 1923 finem
808 1858 905 1921 maris
933 1858 1060 1944 magni,
1087 1854 1174 1941 quod

359 1981 390 2027 le
426 1964 516 2029 iuxta
541 1964 637 2028 litora
657 1964 828 2048 nauigatur
854 1984 913 2045 per
938 1971 1043 2026 totum
1063 1960 1175 2046 Aegy-

359 2089 391 2133 14
428 2077 520 2154 ptum
532 2065 806 2132 etMauritaniam
814 2061 1174 2150 CyrenensemetMau-

357 2193 389 2238 11
426 2172 575 2236 ritaniam
585 2171 792 2256 Tingitanam
814 2178 846 2232 et
862 2168 1092 2233 Mauritaniam
1107 2165 1174 2232 Ga-

357 2296 389 2342 11
426 2274 569 2340 ditanam
583 2295 685 2356 usque
701 2273 829 2358 saepius
844 2272 1043 2336 nominatum
1056 2272 1173 2336 fretum

357 2399 389 2444 1⁷
425 2374 754 2463 Septemgaditanum.

428 2567 440 2611 1
451 2578 619 2611 rnnoeuronon
631 2563 655 2620 C,
665 2564 813 2611 Binoeorura
821 2564 885 2621 editi,
896 2564 1056 2610 Binocornros
1065 2565 1118 2609 116
1130 2566 1172 2621 18,

425 2635 588 2682 Rinoenmron
608 2635 658 2681 Vt
677 2641 701 2680 et
718 2637 759 2681 16.
824 2636 839 2680 2
864 2641 920 2693 post
936 2635 1043 2694 Aegypti
1068 2634 1087 2680 C
1106 2635 1174 2681 addit

425 2708 456 2752 de
473 2707 560 2753 tinibus
578 2707 660 2753 affrice
682 2707 714 2752 ad
736 2711 829 2765 partem
847 2706 1011 2752 meridianam.
1074 2707 1088 2752 5
1117 2721 1174 2752 ean-

426 2777 542 2824 denoissts
561 2777 590 2834 B,
615 2777 775 2824 eandantissis
792 2777 821 2834 A,
849 2777 991 2822 caudatissis
1011 2775 1034 2822 O.
1090 2778 1173 2822 iitro-

424 2848 571 2908 gloditorum
597 2849 654 2906 AB,
690 2847 885 2907 Trogloditarum
912 2847 976 2892 editi.
1049 2850 1063 2893 7
1092 2847 1174 2894 biblo-

424 2917 497 2966 blatis
515 2919 545 2977 B,
564 2918 702 2965 Biblobatis
716 2917 808 2964 dediti.
865 2912 932 2963 7&8
951 2919 1094 2964 mauritania
1107 2918 1172 2975 (bis)

424 2990 476 3036 AB.
530 2991 545 3036 1)
565 2989 688 3036 multoties
706 2989 770 3034 editi.
821 2989 851 3034 1⁰
867 2994 924 3045 post
935 2987 1173 3049 Septemgaditanum

426 3059 446 3108 0
455 3060 523 3108 addit
541 3061 677 3106 delinibat
695 3060 777 3105 affrice
795 3060 826 3104 ad
845 3063 936 3116 partem
953 3059 1172 3118 septentrionalem.

427 3133 456 3178 11
476 3130 687 3191 septentrionalem
699 3135 791 3188 partem
805 3128 829 3174 C.
887 3129 917 3174 12
936 3131 1019 3187 porcio
1040 3129 1064 3176 C.
1083 3131 1092 3174 ΙΙ
1108 3143 1173 3176 mare

423 3217 536 3263 magnum
555 3202 583 3247 G.
649 3202 680 3246 te
699 3205 775 3246 totam
795 3199 822 3244 G.
885 3195 984 3247 148111
1003 3201 1173 3247 mauritoniam

424 3276 490 3330 (ter)
503 3274 532 3318 A.
588 3273 620 3318 14
645 3271 820 3332 Cyrenensem]
838 3272 873 3316 sie
891 3269 975 3328 Gatdo,
1002 3272 1125 3317 eironense
1143 3272 1171 3328 A,

424 3344 571 3390 cirenensem
587 3342 610 3401 C,
630 3341 820 3402 cyronensemB
832 3340 895 3386 editi.
923 3341 933 3386 tl
957 3344 1078 3401 sequentia
1085 3340 1172 3400 paullo

423 3414 519 3462 nterim
532 3419 623 3460 tractat
642 3413 726 3459 [laide.
754 3411 764 3458 ΙΙ
789 3417 814 3457 11
827 3417 884 3470 post
896 3410 1055 3471 Cyrenensem
1073 3427 1117 3458 osa.
1131 3410 1175 3457 BC

422 3485 488 3532 editi.
545 3486 576 3530 17
595 3485 800 3544 septecaditannm
825 3481 849 3530 G.
877 3483 886 3528 ΙΙ
907 3489 965 3541 post
981 3480 1173 3542 Septemgadite-

422 3569 480 3603 num
501 3554 520 3603 0
535 3555 604 3602 addit
621 3556 651 3602 de
669 3554 757 3602 tinibus
775 3554 856 3601 affrice
874 3553 905 3600 ad
923 3567 1042 3600 occasum.
