2710 4004
247 579 259 623 l

245 681 259 725 2

245 783 260 827 8

245 886 260 930 4

245 987 259 1034 5

245 1095 260 1142 0

246 1198 260 1243 7

245 1301 260 1346 8

246 1405 260 1448 9

231 1507 261 1551 10

229 1611 259 1656 11

230 1713 261 1759 12

230 1819 261 1864 18

230 1927 262 1971 14

230 2030 261 2076 15

230 2135 261 2184 lo

446 555 574 638 Apsum

358 716 360 720 .
447 653 586 724 Genesis

446 757 657 824 Durachium.

344 875 377 940 A
407 876 649 964 suprascripta
674 875 804 942 civitate
826 895 909 960 quas
931 872 1050 940 dicitur

296 979 429 1045 Larissa
451 978 537 1044 ciros
557 979 629 1065 ipsa
649 979 745 1045 litora
766 979 863 1044 maris
887 977 1049 1064 usquead

298 1083 461 1152 civitatem
476 1103 558 1166 quae
569 1082 754 1148 nominatur
761 1081 963 1148 Durachium
974 1089 1049 1147 sunt

297 1187 445 1252 civitates
457 1185 626 1272 sexaginta
639 1209 705 1254 una
719 1193 751 1251 et
761 1193 977 1272 supputantur
991 1184 1050 1250 mi-

296 1281 389 1356 liaria
409 1289 497 1354 mille
520 1286 701 1354 duodecim.

330 1393 382 1462 14.
425 1392 549 1459 Iterum
570 1392 685 1458 civitas
706 1392 838 1458 Lissum

449 1494 584 1564 Scodris

446 1599 556 1663 Butua

446 1699 643 1766 Deoadoron

446 1803 597 1870 Bioinion

447 1907 629 1993 Epituuron

449 2009 618 2076 Assidium

448 2115 621 2180 Bretorum

302 2342 314 2385 l
338 2338 434 2386 Absuru
452 2339 503 2386 206
523 2338 565 2385 14.
622 2339 636 2384 2
659 2337 760 2385 Genesis
777 2335 802 2384 fl.
824 2338 880 2384 Tac.
936 2340 950 2385 0
974 2338 1052 2385 Dura-

299 2409 380 2456 chium
398 2411 469 2456 ctiam
486 2407 555 2471 a'asra
573 2415 595 2455 cr
614 2409 665 2456 206
684 2409 726 2466 15,
750 2408 900 2470 synesium
917 2408 983 2466 aditi,
1001 2410 1052 2469 epi·

299 2480 388 2526 daurus
414 2493 475 2539 quae
502 2493 567 2526 nunc
594 2480 729 2526 dirachium
756 2479 866 2538 (additia
891 2478 991 2535 multis)
1023 2479 1050 2526 0.

301 2551 315 2598 t
334 2549 418 2597 littora
429 2548 479 2601 Bu
516 2551 531 2596 7
550 2552 677 2610 sexaginta
688 2553 745 2608 unu]
762 2552 827 2597 roric
839 2556 940 2608 emutat,
958 2563 1013 2597 nxu
1026 2549 1051 2597 0.

298 2619 309 2667 ΙΙ
322 2617 436 2668 milliaria
456 2619 479 2667 0.
553 2621 567 2667 8
596 2621 737 2678 duodecim]
760 2619 841 2668 1110.
878 2619 888 2667 ΙΙ
917 2625 976 2682 post
993 2621 1053 2668 duo·

299 2690 378 2738 dscim
407 2689 426 2739 0
451 2689 508 2737 aad.
536 2689 647 2738 civitates
673 2693 719 2738 ists
745 2695 802 2738 sunt
828 2703 887 2738 cxx.
950 2693 964 2738 9
993 2692 1053 2738 civi-

299 2767 361 2810 tates
378 2760 424 2808 AB
441 2761 507 2808 cdiii.
534 2761 545 2807 ΙΙ
569 2761 665 2808 Lissum
687 2761 758 2808 ctiam
782 2761 833 2808 200
853 2761 900 2818 17,·
927 2768 982 2809 onte
999 2761 1052 2808 Lis-

299 2845 352 2880 sum
376 2832 398 2879 G
419 2832 488 2879 addit
505 2833 619 2891 pistrnm,
646 2837 705 2892 post
721 2831 817 2879 Lissum
842 2831 948 2880 Gaddir
972 2833 1051 2879 diods.

301 2905 333 2950 10
351 2901 436 2950 scodra
454 2901 502 2961 AC,
522 2901 614 2951 Scodra
631 2903 695 2962 Ant,
715 2899 805 2950 Scobrs
828 2903 892 2962 ch.,
920 2903 1005 2950 codrus
1024 2901 1051 2960 G,

298 2987 361 3020 nunc
379 2971 482 3022 Scutari-
556 2973 586 3020 11
615 2973 697 3020 Butna
723 2975 794 3019 ariam
813 2973 865 3022 208
884 2973 907 3031 6,
926 2973 1006 3021 bittua
1023 2973 1052 3030 A,

298 3045 382 3092 budua
401 3043 428 3092 0.
486 3044 516 3090 12
541 3041 684 3092 Dscadaron
702 3041 754 3090 208
773 3043 789 3087 7
807 3050 830 3090 er
849 3045 877 3090 0.
933 3045 964 3092 18
992 3044 1053 3090 bizi-

298 3116 357 3162 nion
374 3113 427 3174 Ac,
455 3112 598 3162 Buooinium
621 3115 674 3161 208
692 3115 708 3162 8
726 3120 749 3161 et
768 3114 801 3173 G,
827 3115 869 3161 sed
886 3117 957 3174 ponit
979 3129 1054 3174 supra

294 3192 353 3246 post
370 3184 481 3233 Scodrae.
537 3186 570 3232 14
596 3191 731 3246 epytauron
743 3183 792 3242 Bc,
811 3183 955 3245 Epitaurum
973 3185 999 3232 id
1017 3191 1054 3232 ast

298 3256 431 3317 Ragusium
443 3254 495 3302 208
514 3255 556 3314 10,
575 3257 711 3316 cpitanrum
722 3255 765 3302 ubi
776 3269 841 3303 nunc
852 3261 889 3304 est
900 3256 1010 3303 ratisium
1024 3255 1052 3302 0.

301 3329 333 3374 lt
353 3325 441 3374 Zldion
453 3325 505 3372 208
523 3327 566 3373 12.
616 3329 647 3374 16
660 3328 806 3387 praetorium
820 3326 848 3384 0,
861 3327 992 3375 bretorium
1000 3325 1053 3383 sc,-

302 3395 369 3445 tuiur
387 3395 440 3445 loco
458 3395 510 3444 208
528 3395 562 3444 13
585 3396 680 3446 Pardua
698 3399 722 3445 id
740 3403 777 3445 cst
795 3395 914 3446 Stamnes.
