2562 3996
186 403 269 440 ormo
290 393 338 438 121
496 450 498 456 ‚
958 389 1009 444 517

204 560 216 604 1
277 535 352 605 lae.
396 536 480 601 Asia
501 535 624 602 habens
637 535 719 602 fines
740 534 781 601 ab
803 535 925 602 oriente
940 559 1009 604 ere·

202 660 217 704 a
253 663 342 706 mum
368 639 480 706 Indiae
502 641 686 706 Dimerioae
713 639 1007 708 intransmeabilem

201 763 216 809 a
253 743 401 828 ultraque
425 767 463 808 ea
485 743 559 808 deo
574 751 685 808 nostro
707 743 929 810 tantummodo
953 765 1006 810 oo·
1101 733 1107 742 ⁸

200 868 216 913 4
252 847 389 932 gnitum.
434 871 454 911 a
479 856 572 932 parte
600 870 677 912 vero
705 847 882 913 meridiana
908 847 1006 913 habet

200 969 214 1016 o
250 951 332 1016 fines
354 950 436 1015 Asia
451 948 620 1017 Ooeannm
642 951 729 1036 quod
750 953 856 1039 tangit
877 953 1005 1018 tertiam
1089 985 1092 989 ·

199 1073 214 1120 a
250 1053 377 1120 Indiam
403 1055 573 1137 maiorem,
602 1055 841 1121 Thermatioam
870 1066 903 1122 et
927 1056 1005 1122 Ela-

199 1177 213 1222 1
250 1159 376 1237 mitem3
400 1159 489 1242 quod
505 1159 656 1224 videlicet
670 1157 838 1225 Oceanum
860 1159 1006 1224 similiter

198 1278 213 1324 a
249 1263 357 1350 tangit
384 1261 501 1328 Persas
537 1273 570 1329 et
596 1264 725 1330 Arabas
753 1265 1004 1351 Aegyptumque

198 1383 212 1428 9
249 1368 442 1432 inferiorem.
501 1391 520 1432 a
549 1377 641 1454 parte
673 1393 749 1434 vero
778 1366 1004 1454 septentrionis

181 1487 213 1534 ιο
249 1470 348 1536 habet
362 1470 445 1536 Asia
458 1472 538 1538 fines
551 1471 719 1540 Ooeanum
730 1474 900 1542 Senianum
913 1493 1004 1537 mon·

181 1592 212 1636 11
248 1583 362 1657 tesque
395 1574 549 1659 Ripheos.
611 1601 651 1641 ex
688 1579 806 1662 quibus
839 1575 1002 1642 montibu!

181 1693 212 1738 11
249 1677 413 1764 egreditur
440 1677 557 1742 fluvius
580 1678 716 1761 Tanais,
745 1682 836 1746 ouius
864 1680 1003 1766 plurima

181 1796 212 1842 18
247 1781 397 1846 influitin
409 1781 515 1846 sinum
525 1780 652 1866 paludis
664 1783 840 1848 Meotidse.
866 1782 1001 1868 proinde

181 1899 213 1944 14
247 1895 336 1952 reete
358 1884 472 1951 eadem
492 1885 586 1971 palus
601 1885 701 1950 Asiae
722 1885 796 1952 finis
820 1887 940 1968 existit,
963 1908 1001 1951 eo

179 2002 210 2050 11
247 1990 335 2075 quod
363 1991 483 2056 Tanais
516 1991 601 2055 inter
629 1988 744 2054 Asiam
777 2000 809 2055 ot
836 1991 1001 2076 Europam

179 2108 210 2154 16
246 2093 372 2159 dividit.

179 2215 210 2259 1⁷
275 2197 348 2268 121.
399 2199 469 2264 Alii
500 2207 607 2264 autem
640 2199 816 2284 incongrue
846 2197 1001 2262 falluntur

178 2319 210 2364 18
246 2303 442 2369 affirmantes
469 2302 603 2368 fluvium
624 2302 742 2383 Fasin‚
773 2302 828 2386 qui
851 2300 892 2366 de
915 2298 1001 2366 Cau-

281 2609 374 2654 codices
387 2606 435 2668 bfo.
716 2605 749 2667 of.
759 2607 818 2652 Rev.
833 2606 884 2651 111
899 2606 914 2652 5
927 2621 963 2665 eq.

247 2750 259 2792 1
288 2753 344 2793 ante
360 2745 419 2792 Asia
441 2745 497 2792 add.
520 2746 647 2792 terminum
672 2747 715 2792 afr.
735 2752 811 2793 etas.
834 2745 855 2803 b,
883 2747 999 2791 terminus

244 2817 332 2865 africae
354 2823 379 2864 et
396 2831 499 2876 europae
526 2832 547 2863 o.
592 2816 601 2862 ΙΙ
645 2821 764 2873 eremum}
788 2818 903 2864 erectium
926 2822 951 2862 et
971 2814 998 2877 f,

243 2891 333 2936 ereioifl
351 2894 375 2934 et
392 2903 413 2945 v,
442 2889 528 2937 ereitifi
551 2887 572 2932 b.
647 2889 661 2932 2
689 2887 838 2943 Dimerioae]
862 2885 955 2934 dim'ioe
971 2885 998 2947 s.

244 2962 259 3008 3
288 2961 454 3007 tantummodo
471 2965 554 3006 nostro
566 2956 593 3017 f.
660 2959 675 3004 ὅ
704 2971 833 3005 occeanum
852 2957 887 3018 bf.
915 2957 925 3003 ΙΙ
949 2963 998 3004 ter-

243 3032 305 3078 ciam
326 3029 352 3092 f.
427 3032 441 3076 7
469 3043 601 3076 occeanum
628 3027 662 3088 bf.
735 3031 749 3076 8
777 3035 802 3076 et
828 3031 938 3075 omittunt
962 3027 997 3089 bs.

242 3101 463 3163 iiAegyptumquet
491 3101 617 3162 Egyptum
639 3114 733 3160 quoque
754 3099 780 3160 f.
856 3101 886 3145 10
914 3113 997 3146 occea-

242 3187 299 3220 num
318 3172 353 3234 bf.
418 3175 448 3220 11
476 3173 550 3219 rifeos
570 3169 605 3232 bf.
671 3174 701 3218 12
729 3172 824 3218 thanais
842 3185 863 3216 o.
901 3170 910 3216 ΙΙ
944 3170 998 3230 plu-

240 3245 315 3291 rimos
327 3243 353 3305 f,
382 3243 554 3304 parsplurima
571 3244 630 3289 Rau.
688 3245 718 3289 13
737 3242 867 3300 paladisb.
897 3242 906 3287 ΙΙ
932 3255 998 3288 meo·

241 3315 329 3376 tides.
396 3317 428 3360 14
456 3317 540 3362 extitit
557 3330 578 3361 v.
648 3315 678 3361 15
707 3319 793 3374 tanays
805 3313 832 3374 s,
861 3313 956 3360 thanais
974 3328 996 3359 v.

244 3389 274 3434 17
304 3388 434 3445 incongruo
447 3384 473 3447 f.
553 3388 584 3433 18
612 3387 669 3433 fasit
688 3386 709 3444 b,
738 3387 815 3432 sassin
833 3399 874 3432 vs

794 3465 840 3508 ³⁵·
