2790 4196
546 734 647 823 Singa

548 837 703 926 Capadox

547 941 680 1009 Orantis

547 1048 704 1112 Heleuter

548 1148 738 1215 Chrisoroaa

546 1253 644 1318 Adon
677 1263 710 1318 et

547 1357 704 1422 Potamia.

345 1485 360 1530 8
432 1460 483 1530 16.
528 1460 612 1526 Item
632 1471 796 1546 ponuntur
809 1461 955 1528 diversae
977 1463 1099 1547 patriae
1113 1464 1147 1528 in

347 1591 362 1635 9
400 1567 544 1654 mesogia
566 1563 780 1648 Graecorum,
809 1563 844 1629 id
866 1574 916 1631 est
937 1567 1043 1651 patria
1065 1587 1147 1651 quae
1216 1549 1222 1558 ἱ

332 1695 363 1741 10
399 1669 517 1735 dicitur
527 1669 665 1750 Fenitia,
687 1670 764 1733 item
776 1666 903 1750 Cilicia,
922 1692 983 1734 neo
997 1693 1062 1735 non
1072 1671 1148 1735 Bel·

330 1799 361 1844 11
398 1774 528 1862 sagonia
547 1781 705 1838 mutuosa.
741 1774 819 1837 item
840 1773 931 1837 iuxta
952 1796 1039 1837 mare
1062 1773 1148 1838 Pon·

331 1903 362 1947 ιι
397 1879 499 1944 ticum
521 1886 571 1942 est
585 1877 688 1962 patria
704 1874 950 1958 Chaldaeorum,
973 1899 1054 1960 quae
1071 1899 1148 1942 oon·

333 2006 362 2052 ra
397 1983 543 2069 iungitur
564 2004 662 2066 supra
684 1981 835 2066 scriptae,
857 2003 954 2065 quam
967 1981 1147 2066 praenomi-

331 2110 363 2154 14
397 2087 555 2167 navimua,
569 2085 730 2150 Lazorum
740 2085 873 2169 patriae.
903 2083 981 2148 item
995 2083 1038 2149 ad
1052 2085 1148 2150 aliam

331 2211 362 2257 15
397 2198 522 2276 partem
536 2188 627 2254 verbi
649 2188 754 2275 gratia
775 2195 812 2251 ut
834 2185 973 2252 diximus
996 2186 1038 2252 ad
1059 2211 1147 2254 mare

331 2319 363 2364 ιε
397 2315 551 2380 magnum
575 2291 694 2355 oolfum
715 2290 914 2373 orientalem,
941 2292 1031 2356 iuxta
1052 2315 1148 2378 supe·

331 2422 361 2466 17
398 2397 465 2460 rius
487 2395 608 2460 dictam
624 2391 782 2476 Ciliciam,
805 2403 856 2459 est
876 2396 981 2480 patria
1002 2417 1084 2479 quae
1098 2394 1147 2462 di·

402 2651 414 2694 l
444 2647 531 2708 Singa}
555 2647 634 2708 Siriga
651 2647 718 2702 odiri,
738 2650 838 2718 Zapyac
855 2647 932 2705 Ptoz.,·
956 2655 1055 2708 pontem
1074 2649 1147 2710 Singa

400 2719 470 2766 labet
500 2719 556 2765 Tob.
646 2720 660 2765 2
688 2717 787 2766 fluvium
812 2719 966 2779 capadocem
992 2719 1063 2766 labor
1092 2721 1147 2768 Tua

400 2793 415 2837 3
444 2789 542 2838 Orontis
560 2791 628 2846 editi,
647 2787 681 2850 cs.
694 2789 727 2834 37
747 2791 789 2836 19.
861 2792 877 2836 4
904 2789 1022 2838 Heleutra
1039 2791 1103 2848 editi,
1122 2791 1147 2837 fl.

399 2860 498 2908 Eleuter
512 2860 576 2919 raa,
595 2861 738 2908 Eleutherna
755 2859 817 2907 aliia.
874 2861 888 2907 ὅ
917 2860 1065 2920 Chrysoroas
1083 2862 1148 2908 editi.

401 2935 415 2978 6
443 2931 527 2988 Adon}
547 2935 562 2978 i.
582 2947 601 2978 e.
619 2932 712 2978 Adonis
729 2931 755 2976 ll.
846 2933 860 2976 7
889 2931 1012 2979 Potamiae
1038 2935 1105 2994 rapio
1124 2935 1148 2979 in

403 3003 459 3050 Tol.
550 3005 564 3049 9
593 3002 711 3060 meaogia]
731 3003 746 3046 i.
766 3015 786 3046 e.
803 3005 933 3070 μεσογαίᾳ
949 3005 997 3048 aiva
1014 3007 1147 3072 μεσογείᾳ.

398 3076 409 3120 ΙΙ
422 3087 547 3135 gomorum
565 3076 594 3118 A.
623 3074 632 3118 ΙΙ
652 3072 731 3131 patria
748 3085 793 3116 om.
812 3071 878 3118 editi.
964 3075 994 3120 10
1021 3074 1149 3121 Phoenitia

399 3146 464 3193 editi.
493 3146 502 3190 ΙΙ
522 3144 599 3190 cilitia
616 3144 646 3188 Β.
674 3143 684 3187 ll
704 3139 846 3200 Belfagonia
864 3149 986 3201 mutuoaal
1005 3143 1088 3204 „sorta
1103 3145 1149 3192 Pa-

399 3216 534 3276 phlagonia
552 3217 696 3262 montuoaa“
722 3212 810 3258 Porcl.
901 3215 931 3260 11
960 3217 1080 3274 porticum
1097 3217 1148 3262 AB.

402 3289 433 3334 12
461 3286 649 3341 Chaldaeorum}
681 3276 787 3332 Xallta
813 3283 891 3330 roma
914 3283 1066 3332 Constantino
1089 3287 1150 3333 Por-

394 3359 506 3419 phyroy,
526 3351 647 3420 Χαλὸίνη
665 3353 731 3400 Suid·
789 3356 819 3400 14
846 3356 926 3414 patrii
942 3357 971 3402 A.
1027 3358 1058 3404 15
1086 3353 1180 3404 dixi-l

399 3433 464 3486 mua}
483 3430 591 3476 dicamus
609 3427 678 3482 odit&
696 3423 730 3486 cf.
743 3425 769 3470 ll
786 3427 828 3480 17,
846 3426 861 3471 l
865 3426 886 3471 V
899 3427 941 3484 24,
959 3427 1000 3474 abi
1017 3429 1085 3476 verbi
1097 3443 1151 3490 gra-

399 3510 434 3555 tia
446 3515 474 3554 ut
486 3508 601 3553 diatonos⁴
661 3505 691 3550 16
711 3505 831 3564 ruperim}
850 3493 959 3563 aupeiua
978 3508 1007 3552 A.
1064 3509 1094 3553 17
1114 3507 1151 3553 di·

400 3587 440 3626 cta
449 3581 477 3625 A.
497 3578 507 3621 ΙΙ
527 3576 607 3622 cilicia
616 3577 645 3632 A,
664 3574 764 3621 cilitiam
777 3575 799 3620 Β
811 3575 876 3621 odili.
