2710 4004
215 391 291 436 vw

236 561 242 602 1

234 663 246 704 2

233 765 246 807 3

231 870 246 912 4

230 972 244 1014 5

229 1075 242 1118 6

229 1178 242 1220 7

228 1283 242 1326 8

146 1403 152 1418 ¹
227 1387 240 1429 9

211 1491 241 1534 10

211 1597 238 1640 11

210 1698 241 1741 12

210 1801 240 1844 13

210 1905 240 1948 14

209 2007 239 2051 15

208 2112 238 2154 16

207 2217 237 2261 11

208 2321 237 2366 18

436 536 562 621 Tegeas

435 639 577 722 Micena‚
593 663 674 723 quae
690 640 870 704 confinatur
886 663 959 704 cum
973 651 1038 705 ter-

284 745 395 808 ritorio
411 743 662 828 suprascriptae
679 745 818 808 civitatis
834 741 1035 810 Corinthion.

328 846 392 909 Per
406 866 503 928 quam
515 848 717 912 cersonisson
729 857 897 912 transeunt
909 847 1036 914 diversa

282 951 424 1032 flumina,
447 951 531 1014 inter
554 959 661 1015 cetera
683 974 765 1034 quae
789 951 941 1016 dicuntur

430 1053 533 1117 Pictis

428 1156 543 1222 Lentis

428 1262 523 1326 Alsos

427 1365 559 1430 Eurotis

427 1469 533 1534 Melas

426 1572 515 1636 Iaon.

319 1676 441 1740 Iterum
464 1687 514 1740 est
535 1677 641 1742 insula
663 1700 745 1760 quae
768 1678 887 1743 dicitur

426 1779 570 1844 lacintus

425 1883 562 1948 Ithacim

426 1987 568 2051 Alimani

423 2090 578 2155 Leucada

425 2192 624 2280 Cephalonia

425 2300 522 2364 Astin

277 2465 289 2507 1
319 2461 410 2520 Tegeas
438 2464 507 2506 etiam
534 2462 588 2507 Tab.
669 2462 683 2506 2
711 2459 818 2515 Micenal
846 2459 879 2520 (f.
904 2461 954 2506 400
983 2461 1023 2506 15.

276 2536 290 2578 3
319 2535 405 2590 supra]
428 2533 480 2577 399
499 2534 523 2577 9.
560 2533 569 2578 ΙΙ
604 2531 757 2578 chorinthion
783 2529 807 2577 0.
880 2532 895 2574 4
924 2530 1026 2577 Cherso-

274 2605 365 2649 nissum
385 2603 449 2647 editi.
486 2604 495 2648 ΙΙ
525 2610 582 2661 post
600 2603 750 2648 cersonisson
767 2603 811 2646 AB
830 2601 886 2646 add.
905 2603 949 2658 cie,
978 2605 1024 2647 ita:

275 2675 379 2719 cersonis
397 2676 486 2730 soncie,
507 2671 525 2718 0
541 2673 596 2719 add.
617 2675 672 2720 iam.
729 2675 742 2717 (i
771 2673 838 2718 Putis
857 2673 921 2729 editi,
939 2673 1024 2730 pamis'

275 2745 307 2802 (i.
327 2758 346 2788 e.
371 2744 493 2802 Pamisus)
525 2744 580 2790 Tab.
671 2747 685 2789 7
714 2743 796 2789 Lentis
823 2742 894 2798 editu
923 2742 1024 2788 Ladon?

275 2818 289 2860 8
317 2814 398 2870 Alsos}
417 2821 451 2860 est
469 2814 583 2873 Alpheus.
639 2818 653 2860 9
681 2815 792 2871 Eurotisl
811 2813 1022 2860 fl.BurotasTa1.

269 2900 318 2944 pro
335 2885 448 2932 Eurotas.
504 2887 534 2932 10
556 2885 632 2931 Melas
651 2888 721 2930 etiam
738 2885 828 2930 Strabo
845 2883 908 2930 Plin.
928 2884 1021 2930 Gallim.

276 2959 305 3001 11
333 2950 411 3006 ’[ἀων
434 2955 527 3002 Gallim.
549 2957 648 3017 Dionys.
680 2957 689 3001 ΙΙ
718 2963 773 3014 post
791 2957 850 3001 laon
874 2954 893 3001 C
912 2956 968 3000 add.
992 2957 1021 3000 de

271 3027 350 3074 insula
361 3029 478 3073 incinctus
491 3033 515 3072 et
527 3027 581 3072 aliis
593 3028 685 3075 insulis.
742 3029 772 3072 12
801 3027 902 3081 Iterum]
922 3028 972 3071 ierfl
990 3027 1019 3072 Β.

274 3099 304 3144 13
332 3099 449 3146 iacinctus
461 3097 508 3156 AO,
528 3098 650 3144 lacinthus
668 3099 733 3156 editi,
752 3099 956 3152 chinthosAnt.,
976 3097 1021 3142 Za·

270 3169 365 3215 chintus
381 3170 436 3215 Tab.
511 3172 541 3214 14
570 3170 651 3215 itaeim
671 3168 695 3225 5,
722 3169 826 3216 Itachim
843 3167 908 3224 editi,
935 3167 1019 3212 Ithaca

270 3240 334 3295 Ant„
353 3239 400 3285 Ins.
417 3242 485 3286 ita..
509 3240 564 3285 Tab.
621 3241 651 3285 15
675 3239 794 3294 Alimanil
813 3231 1020 3303 2:15155021

269 3309 369 3355 aliniani
389 3309 412 3355 0.
469 3312 499 3355 16
527 3311 649 3355 Leucadia
670 3310 725 3354 Tab.
782 3311 811 3354 11
841 3308 980 3368 Cephalena
996 3316 1018 3355 et

271 3379 420 3440 Cephalania
436 3381 500 3438 sab„
518 3381 667 3439 Cephalania
679 3381 733 3425 Aut.
795 3382 825 3426 18
853 3381 944 3426 Asteris
962 3379 1017 3426 Ant.

821 3463 853 3502 2⁶
