2872 4210
1028 361 1066 416 ih

263 541 276 584 1
346 515 400 584 lt.
444 513 512 581 Sed
533 523 566 579 et
588 515 642 578 ulii
655 513 849 599 philosophi,
871 511 938 596 qui,
958 519 997 575 ut
1011 531 1065 576 su·

260 645 277 688 1
312 643 372 706 pra
387 619 538 699 diximus,
559 641 633 681 eum
655 617 747 700 qussi
769 615 831 681 suh
846 612 1065 701 prohrnditcts

262 745 278 790 s
314 722 439 789 Oceani
453 721 689 786 ambulaturum
708 717 869 800 dixenmt,
892 717 969 784 dum
982 717 1066 784 mul·

261 853 278 893 1
313 837 364 891 tas
398 826 621 890 altercationes
655 825 689 888 in
723 823 789 888 suis
821 822 1065 908 proposuissent

230 969 235 976 ·
262 951 277 994 5
314 930 494 1015 opusculis,
526 939 560 993 et
592 929 655 994 hoc
684 929 790 1014 ipsum
818 926 1064 1007 olterccvemnt,

262 1053 277 1096 o
314 1033 458 1098 dicentes
480 1031 567 1116 quod
580 1033 634 1096 vel
649 1033 676 1097 si
692 1033 746 1096 ulii
761 1031 875 1096 dicunt
892 1031 968 1114 quio
981 1031 1066 1095 infru

262 1155 277 1198 r
315 1134 482 1201 Oceanum
496 1135 721 1201 innumerabili
736 1136 841 1222 spatio
860 1135 984 1199 itineris
999 1133 1065 1198 sint

262 1255 277 1301 o
314 1249 439 1304 montes
453 1248 528 1324 post
542 1261 621 1322 quos
638 1239 686 1304 sol
701 1238 798 1304 vsdct
814 1221 979 1319 etoetera,
1002 1237 1064 1302 hoc

262 1361 278 1404 s
313 1343 402 1408 nullo
422 1342 519 1407 modo
540 1343 658 1407 veritas
674 1351 734 1425 est,
758 1343 833 1426 quia
848 1340 1000 1408 Oceanus
1014 1349 1064 1406 to-

245 1461 277 1507 10
312 1457 383 1512 tum
398 1447 555 1511 circuiens
569 1443 735 1528 mundum,
756 1447 830 1512 linis
846 1447 914 1512 eius
929 1446 1064 1512 ulterius

245 1564 276 1608 11
313 1549 365 1622 dei
386 1551 478 1614 iussu
498 1551 587 1614 nullo
602 1549 698 1614 modo
720 1551 890 1614 invonitur.
936 1550 1064 1634 etquis
1185 1597 1190 1610 ·

245 1666 276 1710 12
312 1653 395 1717 vidit
405 1653 472 1718 suis
484 1654 585 1718 oculis
597 1653 669 1718 illos
681 1653 828 1719 montes?
840 1653 896 1718 uhi
906 1654 940 1718 in
952 1661 1065 1724 saneta

246 1769 278 1814 ¹8
313 1759 473 1843 scriptura
495 1779 565 1822 esse
580 1757 752 1844 leguntur?
775 1757 817 1821 nd
836 1779 916 1842 quos
932 1757 1065 1824 obvian-

246 1875 279 1920 14
312 1870 362 1925 tes
392 1861 439 1925 illi
460 1861 643 1948 philosophi
667 1871 700 1926 et
726 1861 901 1947 prudentes
924 1861 985 1926 viri
1015 1883 1065 1928 re-

245 1976 277 2022 15
312 1965 483 2050 spondent,
498 1974 531 2030 ct
544 1985 603 2030 nos
617 1967 663 2030 its
678 1964 825 2047 dicimus,
841 1964 928 2049 quod
939 1963 1064 2032 Oceani

245 2081 276 2126 16
312 2069 446 2134 ulterius
462 2069 548 2155 apud
562 2069 706 2134 homines
721 2069 795 2134 finis
811 2091 875 2134 non
886 2067 1062 2148 invenitur,

246 2185 276 2231 ιτ
314 2172 371 2237 sed
400 2172 536 2239 dicimus
566 2175 641 2258 quia
669 2181 745 2238 sunt
772 2181 897 2238 montes
928 2173 1064 2240 creatori

246 2293 276 2338 ιε
314 2277 445 2364 cogniti,
468 2275 555 2362 apud
569 2277 714 2342 homines
729 2276 892 2362 inreperti,
910 2275 1063 2343 sublimes

245 2399 276 2444 19
313 2390 408 2466 atque
429 2379 688 2468 investigabiles,
717 2389 791 2466 post
814 2401 911 2466 quos,
941 2389 978 2446 ut
1005 2381 1064 2446 fni

244 2506 275 2552 20
313 2507 433 2568 sumus,
463 2485 511 2550 sol
534 2483 684 2574 gradiens
707 2484 823 2548 iterum
845 2485 984 2572 refulget
1007 2485 1064 2550 ho·

244 2611 275 2656 21
311 2588 461 2654 minibus.
506 2611 580 2654 nam
603 2588 631 2653 si
647 2587 718 2671 quis
734 2611 774 2652 ex
789 2585 882 2654 vobis
900 2588 967 2654 suis
983 2587 1064 2654 vidit

243 2711 275 2758 22
311 2691 415 2758 oculis
438 2691 525 2778 quod
547 2691 595 2757 sol
618 2690 678 2757 sub
696 2689 916 2778 ‚profunditate
940 2714 1064 2778 percm-

244 2818 276 2864 23
310 2793 401 2860 bulet
423 2803 456 2860 et
476 2793 615 2878 reliqua,
639 2804 694 2862 aut
709 2793 765 2860 ubi
779 2793 842 2863 hoc
856 2793 890 2859 in
905 2795 1064 2881 scriptura

313 3046 325 3090 1
356 3050 380 3090 et
397 3059 442 3090 om.
456 3043 520 3091 editi.
575 3046 589 3091 6
618 3044 657 3090 vel
675 3046 704 3102 si]
721 3045 814 3093 null.
834 3043 843 3090 ΙΙ
866 3045 930 3104 quial
950 3047 1015 3106 quod
1033 3047 1062 3095 Β.

312 3116 344 3161 10
372 3115 479 3163 circuens
496 3117 526 3162 B.
545 3116 555 3162 ΙΙ
574 3115 673 3162 ultimus
691 3115 755 3162 editi.
823 3115 852 3161 11
882 3116 1017 3165 inuenirim
1034 3120 1062 3166 A.

312 3187 343 3231 12
372 3185 462 3232 occuli·
484 3187 513 3232 B.
582 3188 613 3233 16
643 3185 743 3233 ultimus
766 3185 829 3232 editt.
898 3188 930 3234 18
958 3189 1060 3250 cogniti}

309 3257 411 3302 fuissent
421 3258 450 3303 A.
463 3257 473 3303 ΙΙ
485 3257 606 3314 sublimes}
615 3257 677 3304 uilss
687 3260 715 3303 A.
753 3258 784 3303 1c
804 3257 862 3304 {neti
871 3258 922 3304 AB.
961 3260 993 3306 2⁸
1013 3262 1062 3318 sut!

311 3333 336 3374 at
354 3327 376 3373 B
394 3327 457 3374 editi.
