2872 4210
368 539 402 591 4⁰
1131 541 1189 589 111

361 725 364 732 ·
387 711 399 754 1
436 683 581 751 minutim
603 683 698 750 modo
720 695 834 772 gentes
857 707 1052 768 enarremus,
1074 687 1133 752 sed
1154 696 1192 752 ut

386 813 399 858 a
438 788 578 854 diximus
604 789 726 875 patrias
754 789 833 854 sitas
855 789 890 853 in
912 790 994 855 Asia
1020 811 1103 873 quae
1125 791 1191 855 sin-

385 915 399 960 a
437 893 573 980 gillatim
594 895 776 958 nominatae
799 901 875 957 sunt
897 893 930 958 in
952 894 1099 979 portione
1114 892 1192 961 Sem

384 1019 401 1063 4
435 995 494 1060 filii
514 994 599 1062 Noe.

385 1120 399 1166 5
457 1097 498 1167 Π
520 1097 550 1166 l.
595 1101 705 1164 Prima
725 1099 831 1184 patria
852 1108 904 1165 est
920 1099 1017 1166 India
1038 1123 1120 1186 quae
1142 1101 1192 1166 di-

385 1227 399 1272 e
437 1204 520 1268 citur
534 1203 694 1272 Dimirioa
707 1202 828 1285 Evilat,
846 1225 927 1288 quae
943 1203 1030 1290 apud
1044 1205 1190 1270 homines

385 1331 399 1375 7
437 1305 596 1391 quomodo
620 1305 663 1370 ad
684 1305 871 1372 orientalem
886 1309 1015 1396 plagam
1036 1309 1128 1372 finita
1142 1309 1192 1372 in-

384 1432 400 1476 a
435 1411 573 1475 venitur.
597 1409 649 1497 in
672 1431 735 1492 que
749 1408 844 1475 India
857 1412 1016 1477 Dimirioa
1035 1412 1191 1497 plurimas

384 1534 399 1584 e
436 1514 535 1578 fuisse
560 1513 707 1577 civitates
729 1536 786 1598 per
809 1515 965 1598 quosdam
981 1515 1191 1602 philosophos

368 1637 399 1682 1o
435 1617 567 1682 inferius
590 1615 775 1703 designatos
796 1617 948 1704 legimus3
976 1619 1035 1684 sed
1057 1641 1118 1706 ego
1141 1639 1192 1684 se-

367 1741 398 1786 11
437 1721 579 1786 eundum
614 1717 796 1786 Uestorium
831 1723 1100 1810 cosmographum
1133 1722 1192 1786 ali-

261 1861 263 1867 ·
368 1841 399 1887 12
437 1833 573 1910 quantas
597 1823 766 1912 designare
780 1825 865 1906 volo,
887 1825 923 1889 id
943 1835 992 1892 eet
1005 1828 1097 1892 iuxta
1110 1825 1192 1892 illud

367 1947 400 1992 ra
437 1928 525 2014 quod
554 1928 771 2014 praediximus
796 1929 1057 1995 intransmeabile
1083 1929 1192 1996 deser-

368 2051 401 2096 14
436 2041 506 2098 tum
529 2040 578 2098 est
602 2033 714 2097 civitas
738 2055 819 2116 quae
832 2031 962 2100 ¹dieitur

368 2154 399 2200 1a
586 2135 747 2218 Palanda,
770 2145 802 2199 et
823 2136 1029 2221 postmodum
1050 2146 1126 2204 sunt
1147 2137 1192 2202 oi-

368 2258 400 2303 16
436 2241 564 2322 vitatos,
589 2239 624 2304 id
647 2249 697 2304 est

368 2362 399 2406 17
587 2341 690 2408 Sinna
791 2429 793 2431 Ι

368 2459 406 2511 18'
588 2444 769 2532 Bonogaris

368 2571 400 2615 re
446 2579 451 2592 ·
586 2548 813 2636 Bilimasgram

368 2666 400 2718 20
588 2651 750 2744 Saiupam

368 2775 400 2821 21
587 2755 763 2822 Moduram

530 2865 534 2872 ”
588 2858 702 2927 Samar

438 3007 452 3051 2
481 3020 540 3066 asya
557 3007 587 3052 B.
655 3009 669 3054 8
697 3008 810 3067 portione
828 3009 856 3066 Α,
875 3007 990 3067 porcione
1008 3009 1038 3054 Β.
1106 3009 1192 3054 6.Βί-

436 3077 527 3132 mirioal
541 3075 620 3139 es.14
640 3079 683 3126 19.
702 3079 712 3125 ll
732 3079 831 3126 Hevilat
843 3079 907 3126 aditi.
973 3081 995 3126 7*
1015 3080 1151 3126 inuenietur
1161 3081 1190 3125 A.

439 3149 469 3194 11
496 3146 638 3207 castorium}
653 3155 784 3197 castrorum
797 3152 827 3209 B,
845 3166 891 3198 am.
903 3152 933 3198 Α.
952 3149 962 3196 ll
982 3151 1190 3210 cosmographum]

437 3217 607 3278 philosophum
631 3221 696 3267 editi.
806 3223 837 3270 13
869 3223 1047 3282 praediximus]
1068 3222 1082 3268 l
1103 3222 1135 3266 24
1155 3235 1191 3281 aq.

439 3288 470 3336 15
499 3290 606 3338 Palanda
624 3293 694 3338 etiam
711 3291 776 3338 Pal.
861 3296 893 3341 17
922 3293 1010 3351 Sinna}
1030 3296 1109 3344 Σίναι
1126 3291 1191 3338 Ptol·

436 3359 517 3419 siml.
591 3364 622 3410 18
650 3363 779 3423 bofiogaris
797 3365 826 3410 A.
905 3367 935 3414 lt
961 3365 1108 3424 Bilimasgra
1126 3363 1191 3409 editi.

438 3433 470 3478 20
490 3436 573 3491 sapam
585 3434 759 3493 A,'sainpiB,
778 3433 947 3494 Sainpaoditi.
1003 3437 1034 3480 21
1057 3422 1191 3502 Μόδουρα

437 3502 583 3554 diversorum
597 3503 689 3549 urbiam
703 3504 840 3550 Indicarum
852 3519 935 3550 nomen
947 3505 1012 3564 apud
1023 3502 1190 3549 Ptolemaeum.
