2580 4028
514 608 686 694 Tirepsum

513 711 622 778 Iscina

515 813 643 903 Capora

513 920 668 984 Alincum

512 1023 695 1088 Ermerium

514 1125 644 1214 Urgum

515 1229 649 1296 Sturum

517 1331 640 1420 Congri

514 1437 708 1502 Porollisum

516 1539 635 1606 Certis.

408 1643 491 1710 Item
520 1645 562 1710 ad
591 1647 686 1712 aliam
707 1651 831 1731 pariam
860 1655 936 1709 sunt
958 1645 1116 1726 civitates,

365 1749 400 1814 id
422 1759 472 1815 est

516 1852 629 1920 Stoma
650 1853 752 1918 Peuci

517 1955 665 2024 Salsovia

516 2061 708 2148 Aegypsum

515 2164 715 2230 Novioduno

426 2309 427 2314 κ
516 2269 714 2354 Dinogossia

517 2371 666 2436 Arubion

517 2475 667 2542 Roramis

370 2742 379 2783 l
411 2739 548 2796 Tirepsum]
576 2737 709 2784 Tiromsum
734 2740 816 2786 V11.
906 2741 921 2784 4
949 2737 1062 2784 allinoum
1089 2739 1116 2784 Α,

369 2811 382 2855 9
411 2807 540 2868 porrollissr
563 2811 597 2866 B,
628 2810 773 2856 Porolissum
798 2811 866 2866 editi,
894 2810 1027 2856 Porolissos
1039 2809 1078 2854 IV
1095 2809 1117 2866 7,

368 2879 487 2926 Porolisso
504 2881 567 2938 rau,
583 2873 756 2950 ΙΠορόλισσον
773 2883 872 2938 Daciae,
891 2881 955 2926 Ptol.
1012 2882 1043 2926 10
1063 2879 1119 2926 Cer-

368 2954 412 3008 tis]
433 2950 528 2998 Corsiae
551 2952 606 2998 Tab.
657 2955 687 2999 13
708 2953 856 3011 stomapeuoi
873 2953 900 3008 A,
923 2953 1071 3010 stomapeuci
1088 2953 1118 3009 B,

368 3023 521 3080 stomaperici
549 3023 573 3080 Ο,
607 3022 698 3080 Stoma,
722 3024 794 3068 Penei
817 3023 881 3080 editi,
899 3021 938 3068 Au
954 3029 1033 3068 stoma
1054 3023 1118 3079 Tob„

369 3086 517 3159 ὁἽστρος.
534 3132 540 3144 .
559 3088 703 3159 ,ἐκβάλλει
722 3131 727 3142 .
743 3131 748 3142 .
764 3131 769 3143 .
788 3087 904 3158 στόματι
922 3094 963 3157 τῷ
982 3090 1118 3162 λεγομένῳ

365 3161 437 3236 Ἱερῷ
456 3163 472 3230 ἢ
491 3159 582 3233 Πεύκῃ
606 3164 671 3210 Ptol.
738 3165 770 3209 14
799 3163 909 3211 Salsovia
927 3166 997 3211 otium
1023 3166 1079 3210 Aut.
1098 3171 1120 3210 et

372 3237 427 3283 Tob.
502 3237 532 3282 15
562 3249 679 3294 egypsum
700 3235 731 3292 B,
759 3236 867 3294 agipsum
888 3235 916 3292 0,
944 3235 1040 3296 Aegyso
1063 3237 1119 3281 Aut.

369 3311 401 3355 16
420 3309 566 3354 Novioduno
586 3309 656 3352 etiam
668 3307 731 3363 Aut,
750 3305 890 3353 Novioduni
913 3307 968 3352 Tab.
1024 3309 1055 3353 17
1077 3308 1120 3352 Di-

367 3379 540 3439 niguitiaAut.
578 3378 609 3423 18
628 3378 721 3424 Arubio
737 3377 801 3432 Tau,
821 3377 924 3424 Arrubio
937 3379 992 3424 Aur.
1033 3380 1062 3424 19
1083 3391 1120 3424 ro-

367 3466 440 3497 ranus
459 3448 505 3504 Bo,
535 3449 640 3496 Trosmis
659 3449 717 3495 odiu
734 3456 760 3494 ut
781 3451 841 3507 Aac„
870 3450 989 3496 Troesmis
1013 3447 1067 3494 Tob.
