2872 4210
374 555 410 608 20
1151 552 1196 598 18

395 725 408 770 1
445 701 549 787 ipsam
568 708 730 786 ponuntur
745 698 941 762 Armeniam.
987 719 1068 781 quae
1084 697 1198 762 Anne-

393 828 408 874 1
446 805 573 870 niorum
603 813 688 868 terra
715 801 862 866 infertilis
893 823 963 866 esse
993 799 1197 882 adscribitur,

394 932 409 976 a
445 909 543 974 immo
572 908 675 994 magis
703 928 779 991 prae
808 903 956 970 omnibus
990 904 1197 970 orientalibus

393 1034 410 1078 4
446 1011 632 1098 regionibus
648 1009 767 1096 frigida
782 1030 852 1072 esse
864 1008 1067 1090 clarificatur,
1083 1018 1115 1072 et
1125 1008 1197 1093 plus

393 1136 407 1182 1
446 1125 617 1180 montuosa
632 1114 735 1199 magis
752 1135 847 1195 quam
862 1111 958 1196 plana
973 1113 1135 1176 asseritur.
1167 1120 1199 1174 et

383 1227 409 1285 's
446 1218 503 1284 ubi
528 1228 577 1284 est
600 1219 691 1284 locus
716 1217 907 1302 epulationis
930 1238 969 1280 ac
991 1217 1078 1280 omni
1099 1213 1198 1278 odore

394 1341 408 1386 7
447 1323 615 1388 suavitatis
638 1321 764 1406 plenus,
790 1321 886 1386 sicuti
914 1328 1039 1404 oportet
1070 1316 1198 1381 credere

395 1445 409 1490 s
447 1425 535 1510 quod
558 1425 767 1490 suavissimus
790 1425 906 1488 existat
920 1419 1111 1508 paradisus?
1141 1442 1199 1485 nos

395 1548 410 1592 a
446 1529 599 1594 videlicet
622 1527 793 1607 credimus,
815 1527 901 1592 sicut
915 1535 1027 1592 saneta
1042 1525 1201 1610 scriptura

377 1651 409 1696 10
448 1633 603 1713 eontinet,
627 1630 714 1716 quod
736 1653 777 1694 ex
798 1629 896 1694 fluvio
919 1630 973 1713 qui
996 1628 1036 1693 de
1051 1627 1200 1714 paradiso

378 1757 408 1802 11
447 1735 613 1823 egreditur
637 1744 774 1818 quatuor
796 1733 943 1814 flumina,
971 1732 1006 1798 id
1034 1743 1083 1798 est
1106 1731 1200 1797 Geon

378 1857 409 1904 11
446 1839 571 1904 Phison
594 1839 704 1925 Tigris
733 1846 766 1902 et
794 1836 994 1928 Euphrates,
1022 1835 1201 1923 procedunt

378 1961 410 2008 la
447 1966 506 2028 per
536 1943 653 2008 omnia.
701 1950 733 2008 et
761 1941 905 2028 plerique
934 1943 1070 2028 gentiles
1097 1941 1201 2026 philo-

379 2063 411 2110 14
448 2047 542 2132 sophi
566 2047 599 2112 in
623 2047 689 2112 suis
713 2045 966 2131 expositionibus
990 2046 1201 2112 deerevenmt

378 2165 410 2212 15
447 2149 537 2234 quod
561 2149 601 2216 de
625 2149 751 2216 duobus
773 2148 958 2214 fluminibus
985 2150 1025 2216 de
1047 2148 1202 2214 Transiu-

380 2268 411 2314 16
449 2253 564 2318 dorum
587 2255 691 2339 patria
714 2275 836 2334 erema,
866 2253 1000 2320 deloco
1028 2253 1203 2338 investiga·

379 2373 411 2419 17
449 2356 517 2438 bili,
540 2380 599 2441 per
614 2357 757 2422 diversas
771 2357 951 2442 procedunt
971 2357 1102 2442 patrias.
1148 2356 1202 2438 qui

380 2477 412 2522 18
448 2459 512 2545 ipsi
527 2459 636 2546 Tigris
660 2471 692 2525 et
711 2461 894 2547 Euphrates
913 2459 1116 2526 invisibiliter
1138 2459 1203 2526 dis-

381 2579 412 2626 19
451 2571 619 2646 serpentes
642 2564 718 2629 hino
740 2564 815 2630 inde
837 2575 955 2632 terram
976 2586 1034 2649 per
1048 2564 1204 2630 immensa

380 2682 412 2728 1ο
449 2665 660 2734 miliariorum
675 2669 779 2753 spatia
792 2669 883 2734 iuxta
893 2669 1066 2734 Armeniae
1078 2678 1203 2734 montes

380 2785 413 2832 11
450 2770 713 2850 manifestantur3
738 2772 793 2856 qui
814 2771 1020 2856 postmodum
1034 2772 1203 2858 implentes

380 2891 414 2938 11
452 2874 616 2959 copiosam
639 2884 758 2940 terram
776 2875 994 2960 Assyriorum,
1017 2876 1204 2962 Mesopota·

452 3019 466 3065 5
495 3021 573 3079 magis
585 3035 630 3066 om.
643 3021 708 3066 editi.
773 3023 786 3066 9
815 3022 939 3080 scriptura]
960 3021 1204 3068 Genea210-14.

453 3092 483 3136 11
513 3097 568 3136 aare
586 3092 723 3150 quatuorB
735 3091 791 3136 odd.
810 3098 873 3138 sunt.
927 3093 958 3140 12
987 3094 1082 3152 physon
1100 3094 1122 3138 Β
1140 3093 1204 3138 editt.

448 3160 461 3208 ll
474 3163 550 3221 tygris
559 3163 589 3208 B.
608 3164 618 3209 ll
638 3163 741 3210 eufrates
749 3164 779 3210 A.
797 3163 807 3208 ll
827 3164 958 3223 procedant
967 3164 990 3210 B
1000 3165 1069 3220 editt,⁸
1087 3161 1120 3223 cf.
1130 3178 1151 3208 v.
1162 3164 1203 3207 17.

453 3233 485 3280 16
509 3234 653 3292 1111111111,
672 3235 764 3293 patriae
782 3234 846 3280 aditi.
865 3236 874 3280 ll
894 3249 998 3282 aramum
1009 3237 1040 3282 B.
1097 3236 1127 3280 17
1152 3247 1206 3293 pro-

451 3304 539 3350 cedant
551 3305 579 3352 A.
599 3305 609 3349 ll
629 3304 678 3364 qui}
693 3305 791 3363 quodB
804 3305 868 3352 editi.
919 3308 950 3352 18
975 3308 1026 3366 ipse
1045 3305 1109 3352 editi.
1128 3305 1137 3349 ΙΙ
1158 3305 1205 3351 dis-

451 3380 573 3432 sorpentes
591 3375 677 3422 Porola
764 3377 794 3422 19
823 3382 886 3422 tarra
899 3378 928 3422 A.
946 3377 956 3422 ll
975 3377 1095 3424 inmensos
1113 3377 1142 3434 B,
1162 3377 1206 3422 im-

451 3458 588 3492 mensorum
606 3446 669 3492 editi.
743 3446 774 3492 21
803 3447 969 3494 manifestatur
985 3449 1014 3492 Δ.
1088 3449 1120 3494 22
1148 3448 1205 3493 assi-

451 3516 587 3562 1101111111.
