2710 4004
207 408 282 459 V32

226 579 239 623 1
427 558 642 627 Raxtomessa

224 682 240 726 a
426 659 536 729 Senua

224 781 239 828 a
427 763 533 832 Ounia

225 887 240 930 4
427 869 542 936 Velox.

225 989 240 1035 s
321 971 450 1038 Finitur
471 984 578 1040 autem
599 976 671 1062 ipsa
684 976 863 1044 Britannia.
909 1002 929 1043 a
947 980 1030 1045 faeie

225 1095 240 1140 s
278 1075 411 1141 orientis
434 1077 532 1143 habet
560 1079 699 1144 insulam
720 1080 816 1146 Thile
839 1091 872 1147 et
893 1083 1032 1149 insulam

226 1199 240 1244 7
276 1179 463 1264 Demades,
497 1203 517 1246 a
548 1183 631 1248 faeie
664 1183 841 1250 occidentis
870 1207 911 1251 ex
939 1196 1031 1272 parte

223 1302 239 1347 a
276 1284 476 1369 provinciam
491 1283 632 1352 Galliam
647 1298 680 1352 et
693 1290 951 1374 promunturium
965 1289 1032 1376 Py-

225 1403 239 1449 a
276 1388 375 1470 renai,
391 1390 507 1454 afanis
522 1381 781 1476 septentrionalis
796 1392 935 1457 insulam
951 1390 1032 1460 Soo-

123 1555 124 1558 ,
209 1506 239 1550 1⁰
276 1493 366 1575 tiam,
389 1515 408 1557 a
432 1493 514 1558 faeie
533 1493 710 1561 meridiana
725 1493 934 1562 Germaniam
948 1496 1032 1562 anti-

209 1611 238 1656 ιι
277 1617 386 1680 quam.
800 1661 806 1670 .

209 1717 240 1761 m
310 1699 364 1768 32.
409 1699 531 1766 Iterum
553 1702 587 1766 in
602 1700 716 1768 eodem
731 1700 865 1768 Oeeano
880 1701 1032 1768 occiden-

208 1819 240 1866 1³
278 1805 348 1887 tali,
370 1813 446 1891 post
467 1806 571 1890 ipsam
589 1829 741 1892 magnam
754 1806 966 1888 Britanniam,
988 1807 1032 1872 si-

208 1923 241 1968 -14
277 1909 408 1994 mulque
431 1917 464 1974 et
486 1909 622 1995 amplius
644 1909 791 1997 longius,
819 1919 857 1975 ut
879 1909 1032 1994 diximus,

207 2029 239 2076 15
277 2035 374 2098 quam
397 2035 507 2079 omnes
529 2013 653 2078 insulae
674 2037 694 2077 a
707 2021 794 2078 terra
809 2037 927 2102 magna
940 2015 1033 2080 finita

189 2107 239 2179 ‘rs
276 2128 368 2204 parte
391 2117 644 2204 septentrionali,
665 2118 768 2204 magis
792 2139 832 2182 ex
853 2119 926 2204 ipsa
944 2119 1032 2184 ocei-

207 2241 239 2286 1⁷
278 2221 414 2304 dentali,
442 2231 493 2286 est
513 2223 620 2288 insula
647 2224 787 2287 maxima
809 2244 891 2307 quae
913 2221 1032 2288 dieitur

279 2413 291 2458 l
320 2412 476 2459 Raetomessa
497 2412 562 2458 editi.
635 2411 650 2457 2
679 2409 771 2470 Senual
796 2405 890 2477 Σὴνου
906 2426 971 2462 ποτ.
990 2413 1031 2462 ἐκ·

276 2478 361 2549 βολαί
375 2481 439 2530 Ptol.
451 2481 495 2528 aad
505 2485 530 2529 ia
542 2482 667 2528 Hibernia.
716 2483 730 2528 3
750 2481 830 2530 Gimia
841 2483 906 2529 editi.
942 2483 959 2528 4
973 2489 1032 2542 post

276 2553 358 2601 Velox
377 2552 396 2601 0
412 2553 468 2599 add.
488 2554 518 2600 de
535 2553 623 2600 finibus
641 2552 745 2600 britania
762 2559 787 2600 st
805 2552 908 2613 qualiter
925 2553 1030 2601 finiatur.

277 2625 290 2671 5
320 2627 413 2681 summ]
431 2624 463 2670 ab
481 2623 510 2681 A,
529 2637 574 2671 om.
593 2622 617 2671 0.
645 2624 655 2670 ΙΙ
679 2625 786 2671 britania
802 2624 852 2672 BC.
906 2625 1031 2671 thabens

276 2695 341 2741 aditi.
373 2695 383 2742 ll
413 2693 491 2755 Thyle
509 2709 587 2756 mary.
607 2693 625 2742 0
642 2701 665 2740 at
682 2695 747 2754 aditi,
775 2696 842 2742 Tilse
860 2695 950 2753 Erite,
977 2695 1030 2742 Tile

277 2765 375 2826 (Thule)
390 2764 459 2812 Oros.
486 2765 496 2812 ΙΙ
522 2769 559 2823 et]
577 2770 638 2813 etet
651 2764 675 2823 0,
694 2766 734 2812 vel
752 2767 796 2812 AB
814 2766 880 2812 editt.
935 2768 949 2812 7
969 2765 1031 2812 Dor-

276 2837 361 2893 cadas}
379 2842 435 2882 aaut
446 2835 553 2884 Oreades
564 2835 665 2884 insulas.
721 2839 735 2883 8
754 2837 895 2896 provinciae
909 2837 953 2882 AB
965 2837 1030 2883 aditi.

275 2907 286 2953 ΙΙ
296 2905 409 2967 gallicam
430 2905 454 2954 G.
482 2907 492 2954 ΙΙ
516 2908 708 2968 promontorium
726 2907 792 2954 editt.
819 2907 829 2954 ΙΙ
854 2907 968 2967 Pyrenei]
986 2922 1031 2967 pn-

274 2977 344 3024 nursi
361 2979 389 3035 A,
416 2979 518 3038 pumirei
540 2977 566 3026 0.
629 2979 643 3024 9
671 2977 751 3024 insula
768 2979 820 3025 AB.
847 2978 858 3024 ΙΙ
883 2978 961 3025 scotia
977 2979 1030 3037 AB,

275 3051 359 3095 sceret
377 3047 402 3096 0.
458 3051 490 3096 1⁰
512 3051 542 3096 11
562 3049 686 3110 germania
702 3050 803 3107 antiqua
818 3049 871 3096 AB.
927 3051 957 3095 11
973 3055 1032 3108 post

275 3120 400 3178 antiquam
419 3117 438 3167 0
454 3120 510 3167 add.
534 3121 563 3167 da
586 3119 666 3167 insula
683 3121 783 3179 ybernie
801 3119 826 3166 in
844 3133 948 3166 occeano
966 3121 1031 3166 ocei-

275 3189 366 3237 dantali
378 3195 434 3250 post
445 3205 559 3251 magnam
570 3191 699 3238 britaniam
712 3196 736 3236 et
748 3189 851 3251 amplius
864 3205 936 3250 quarn
949 3205 1030 3238 omnes

274 3260 353 3307 insule
370 3267 395 3308 et
412 3261 508 3322 longius
525 3262 607 3322 posita
625 3275 671 3320 que
688 3262 767 3308 sooria
784 3262 880 3308 dieitur.
930 3263 961 3310 111
980 3263 1030 3310 bri·

274 3332 365 3380 taniam
374 3330 423 3380 Bc.
464 3334 495 3380 14
512 3333 617 3394 longius,
630 3337 658 3378 ut
666 3331 811 3390 diximnsl9
830 3333 873 3379 13.
912 3334 942 3380 15
962 3333 1031 3381 linita

275 3417 364 3465 magna
383 3402 407 3450 0.
