2790 4196
236 375 273 423 III
292 375 311 422 9-
1004 377 1057 430 159

172 505 174 508 Ι
257 547 268 589 1
305 523 422 586 ritania
431 523 616 609 Tingitana.
661 521 778 586 iterum
799 524 833 586 in
847 525 1007 590 montanis
1023 534 1056 590 et

255 649 269 693 a
306 627 428 711 asperis
461 649 519 691 seu
552 624 740 691 aridissimis
766 626 862 710 loeis,
895 629 929 693 in
958 650 1056 714 supra

255 753 270 797 a
306 731 427 815 scripta
448 729 646 794 Mauritania
669 751 750 814 quae
773 728 892 796 dieitur
913 731 1054 813 Perosis,

256 857 271 902 4
307 856 389 917 quae
416 835 547 918 ponitur
573 834 664 898 iuxta
687 830 855 898 Oceanum
877 843 909 898 et
930 834 1055 900 Mauri·

256 962 270 1008 5
306 938 427 1002 taniam
449 937 672 1023 Tingitanam‚
702 959 784 1020 quae
812 940 943 1023 ponitur
964 939 1055 1004 iuxta

257 1067 270 1112 a
307 1064 394 1106 mare
416 1063 586 1127 magnum,
615 1051 665 1122 est
686 1041 791 1128 patria
811 1043 950 1106 maxima
972 1064 1054 1125 quae

257 1169 270 1212 1
307 1144 426 1209 dieitur
449 1143 598 1226 Gaudia,
630 1145 670 1210 de
700 1168 764 1230 qua
789 1146 824 1210 in
853 1169 911 1211 sua
939 1146 1055 1211 omelia

256 1271 270 1316 8
307 1250 404 1313 refert
419 1246 453 1314 S.
467 1247 656 1335 Gregorius.
701 1251 734 1314 in
751 1273 814 1334 qua
829 1247 972 1332 Gaudia,
994 1273 1053 1336 pro

256 1375 270 1419 s
306 1374 408 1436 aquae
430 1353 554 1437 inopia,
583 1351 661 1418 dum
683 1353 779 1440 longe
802 1353 842 1418 ab
866 1351 999 1419 Oceano
1022 1362 1054 1418 et

239 1479 269 1524 10
306 1456 348 1521 ad
376 1480 463 1521 mare
493 1479 646 1543 magnum
675 1458 828 1544 amplius,
862 1468 894 1523 et
922 1457 1055 1522 flumina

238 1583 269 1627 11
304 1558 425 1624 ibidem
440 1562 582 1626 existunt
596 1562 736 1644 minime,
759 1561 939 1645 aliquantas
954 1561 1054 1626 fuisse

239 1684 270 1728 12
306 1665 453 1729 civitates
476 1664 624 1750 legimus,
646 1665 681 1729 id
704 1674 753 1730 est

238 1788 268 1833 13
456 1767 656 1832 Thursmum

237 1892 270 1936 14
456 1872 552 1936 Tioes

238 1995 268 2040 1s
455 1973 630 2061 Speculum

238 2099 268 2144 16
456 2079 576 2144 Turres

239 2204 269 2248 17
457 2180 571 2248 Cerva.

238 2305 269 2350 18
349 2287 433 2352 Item
460 2288 538 2352 litus
565 2288 662 2352 maris
686 2287 795 2374 magni
817 2288 908 2352 iuxta
929 2287 1054 2352 Mauri·

238 2409 269 2453 19
304 2393 393 2458 tania
406 2392 590 2478 Tingitana.
636 2393 669 2455 in
692 2414 756 2476 qua
776 2391 930 2477 plurimas
953 2393 1053 2457 fuisse

307 2584 321 2626 2
340 2595 412 2639 super
430 2581 459 2626 B.
527 2581 541 2626 5
561 2583 681 2641 tingitana
698 2584 726 2627 A.
795 2583 808 2627 6
828 2581 947 2638 maxima}
966 2594 1054 2639 magna

305 2653 369 2698 editi.
426 2653 438 2696 7
459 2652 484 2697 in
502 2655 557 2708 sual
577 2651 655 2700 insula
672 2655 700 2698 A.
728 2652 737 2698 ll
764 2652 874 2698 omeliam
898 2650 921 2707 C,
949 2651 1054 2696 homelia

305 2725 369 2770 editi.
425 2723 439 2768 8
469 2721 606 2782 Gregorius]
625 2724 651 2770 S.
672 2723 782 2784 Greqorii
798 2723 884 2783 Muqai
902 2724 926 2768 io
943 2722 1053 2782 annqa·

306 2794 340 2840 lia
359 2793 399 2838 lib.
414 2794 428 2838 Ι
444 2793 550 2839 Humilia
567 2795 596 2851 X,
626 2794 726 2853 Operum
749 2795 772 2839 T.
787 2794 802 2838 Ι
817 2795 895 2840 Paris.
916 2793 985 2838 1705
999 2791 1052 2854 sol.

301 2865 425 2925 p.1469.·
453 2865 602 2920 „Piscatores
625 2879 695 2924 vero,
723 2871 751 2910 ut
772 2866 859 2922 fertur,
886 2863 983 2910 Getulis
1003 2877 1053 2909 non

304 2937 402 2983 habet.“
467 2938 481 2981 9
512 2939 600 2994 aquae}
630 2949 675 2994 qne
703 2934 774 2982 ABG.
841 2937 871 2981 11
898 2935 978 2980 ibidus
1004 2933 1052 2980 AO.

305 3009 314 3054 ll
328 3009 446 3063 existunt]
475 3019 521 3065 que
548 3007 619 3052 sistut
646 3005 700 3064 BC,
738 3019 798 3064 quae
825 3007 914 3051 sistunt
940 3007 961 3051 A
988 3005 1051 3071 editi.

306 3081 336 3124 11
361 3080 390 3124 1⁵2
416 3079 527 3124 civitates
544 3078 617 3124 fuisse
638 3075 661 3123 0.
717 3078 749 3123 13
777 3077 916 3123 thursucum
936 3075 960 3134 C,
988 3077 1053 3122 Thu-

304 3165 371 3196 suros
387 3149 442 3194 Tab.
500 3151 531 3195 14
550 3149 639 3207 Thiges
656 3148 719 3205 raa,
740 3148 807 3214 Θίγη
820 3145 884 3193 Ptol.
941 3147 970 3194 15
992 3145 1051 3206 Spe-

305 3219 384 3266 culum
402 3223 472 3266 etiam
482 3220 536 3266 Tab.
599 3221 630 3265 16
650 3219 688 3265 Ad
706 3225 782 3265 turres
804 3217 859 3263 Tae.
925 3220 956 3264 17
975 3217 1052 3266 Cerva

304 3293 375 3337 etiam
388 3291 452 3348 Tob.,
476 3305 558 3337 cervas
576 3291 599 3336 B
617 3290 681 3336 odiri.
737 3291 769 3335 18
793 3289 961 3336 mauritaniam
978 3291 1051 3350 tingi-
1081 3327 1085 3334 .

304 3369 384 3409 tanam
400 3361 527 3409 CGroal
543 3361 566 3407 2.
606 3357 765 3421 19&p.160
788 3361 799 3406 l
820 3361 930 3408 civitates
939 3361 1011 3408 fuisse
1026 3360 1050 3408 0.
