2556 4014
279 365 332 420 aas
1012 365 1098 414 Ivto

301 539 314 585 1
394 514 459 580 Pcr
474 537 569 599 quam
583 512 762 580 Britaniam
776 513 914 599 plurima
933 522 1101 578 transeunt

300 637 317 688 s
353 618 496 701 flumina,
519 619 604 683 inter
627 626 734 682 cetera
747 616 781 682 id
796 626 847 682 est
860 615 1008 704 Sigugna
1020 617 1102 698 Boo,

300 747 315 792 a
352 723 463 808 quiin
486 720 654 788 Oceanum
675 719 865 808 ingreditur.

300 849 316 896 4
385 825 439 894 40.
482 825 604 891 Iterum
615 825 706 889 iuxta
714 825 818 909 ipsam
827 823 1006 889 Britaniam
1017 823 1103 888 circa

301 952 315 1000 s
354 928 488 995 limbum
511 926 636 994 Oceani
661 928 791 1012 ponitur
818 929 923 1014 patria
948 949 1030 1011 quae
1055 925 1103 990 di-

301 1055 315 1104 a
354 1033 437 1098 citur
460 1030 656 1113 Guasconia,
678 1052 761 1115 quae
783 1030 824 1097 ab
846 1031 986 1115 antiquis
1000 1029 1104 1114 Aqui-

301 1163 315 1209 ⁷
352 1136 442 1201 tanis
463 1134 640 1200 dicebatur.
684 1156 780 1218 quam
795 1133 1013 1200 Guasconiam
1032 1133 1104 1220 plu-

301 1264 317 1310 s
352 1239 426 1304 rimi
449 1237 688 1324 descripserunt
708 1238 902 1323 philosophi,
924 1261 964 1302 ex
987 1236 1103 1322 quibus

302 1365 316 1410 a
354 1365 414 1429 ego
436 1342 502 1429 legi
515 1342 791 1427 praenominatum
805 1340 986 1406 Anaridum
1001 1351 1034 1406 et
1047 1341 1104 1406 El-

285 1469 317 1516 10
354 1444 527 1511 debeldum
557 1443 739 1512 Gothorum
770 1444 988 1531 philosophos.
1046 1443 1104 1510 sed

286 1573 316 1618 11
353 1573 418 1616 non
447 1549 622 1634 aequaliter
649 1549 827 1634 praefatam
854 1547 1105 1636 designaverunt

286 1675 317 1722 12
353 1653 501 1738 patriam.
553 1652 612 1719 sed
640 1675 700 1740 ego
727 1651 905 1718 secsmdum
925 1653 1105 1738 praefatum

286 1779 318 1826 18
352 1755 535 1822 Anaridum
550 1773 655 1844 'supra
677 1757 817 1844 scriptae
832 1754 1037 1823 Guasconiae
1060 1755 1107 1820 ci-

285 1887 318 1934 14
353 1859 470 1926 vitatas
486 1871 519 1927 et
532 1861 665 1927 flumina
679 1859 855 1949 designavi.
893 1881 988 1944 quam
1002 1859 1106 1943 Aqui-

286 1988 317 2036 15
354 1963 475 2030 taniam
503 1965 566 2051 ipsi
594 1965 778 2052 philosophi
801 1965 941 2030 multum
968 1963 1106 2028 fertilem

286 2093 318 2138 16
355 2089 425 2132 esse
448 2067 598 2134 dixerunt
618 2069 653 2134 in
667 2067 815 2134 omnibus
829 2067 1033 2133 victualibus.
1071 2067 1105 2130 in

286 2196 317 2242 17
355 2191 419 2254 qua
442 2169 630 2238 Guasconia
657 2173 812 2258 plurimas
837 2171 937 2236 fuisse
959 2171 1105 2236 civitates

287 2299 318 2344 18
354 2274 503 2362 legimus,
530 2275 709 2360 exquibus
738 2276 918 2360 aliquantas
941 2275 1105 2340 nominare

287 2402 318 2448 19
354 2380 513 2462 volumus,
535 2379 569 2444 id
591 2389 641 2446 est

358 2570 370 2614 l
386 2574 445 2628 post
462 2574 587 2616 transeunt
606 2569 662 2618 editi
679 2573 788 2628 repetunt
799 2566 911 2627 plurima.
957 2569 970 2614 2
991 2566 1106 2628 Sigugnal

355 2639 480 2699 sigi-igne
497 2641 526 2698 A,
546 2641 648 2700 sigugna
663 2641 698 2697 B,-
716 2638 852 2698 Sequanam
870 2651 919 2684 esse
936 2637 1061 2699 eollepsris
1080 2652 1108 2684 ec

358 2708 449 2756 Tabula
465 2712 533 2757 Pcut.
606 2713 621 2756 3
649 2723 752 2758 occeano
773 2708 797 2756 O.
825 2709 834 2754 ΙΙ
855 2715 913 2768 post
936 2710 1068 2769 ingreditur
1084 2709 1108 2754 B

355 2780 411 2826 add.
429 2793 474 2839 xx,
496 2779 586 2828 cada.
606 2780 635 2826 de
653 2781 784 2841 guasconia
802 2793 848 2838 que
866 2779 897 2826 ab
916 2781 1022 2840 antiquis
1039 2781 1108 2838 aqui-

355 2851 422 2898 tania
433 2852 564 2898 dicebatur.
603 2851 734 2898 tocceani
748 2849 772 2908 0,
791 2863 907 2896 occanum
919 2851 970 2896 AB.
1013 2852 1027 2896 6
1048 2849 1108 2898 Gas-
1160 2858 1161 2861 ’

356 2922 450 2968 conium
470 2921 543 2968 Grec.
557 2922 582 2968 2.
647 2923 661 2968 9
688 2921 834 2970 aitharidunr
851 2921 880 2978 A,
900 2922 1067 2968 athanaricum
1085 2922 1108 2966 B

355 2992 421 3040 editi.
449 2991 458 3038 ΙΙ
484 2998 508 3038 et
525 2992 688 3040 Eldebaldum
706 3007 750 3038 om.
769 2991 812 3038 AB
830 2991 895 3038 editi.
951 2993 982 3038 10
1010 2992 1108 3052 gottho-

355 3078 408 3110 rum
429 3061 477 3110 AC.
504 3063 514 3110 ΙΙ
539 3063 711 3122 philosophum
732 3063 775 3110 AB
793 3063 857 3110 editi.
940 3064 971 3109 18
1000 3064 1109 3110 aithana·

355 3134 434 3180 nidum
456 3134 491 3192 B,
527 3135 695 3182 athanaridum
717 3135 739 3180 A
762 3133 825 3180 adin.
880 3133 890 3179 ΙΙ
939 3133 1052 3194 gasconis
1080 3134 1106 3178 A.

358 3206 389 3250 14
409 3207 442 3260 etl
459 3205 499 3250 vel
510 3205 554 3250 AB
566 3205 631 3252 editt.
686 3207 718 3252 16
736 3203 856 3252 vittualiis
867 3205 898 3262 Β,
910 3203 1032 3250 victualiis
1044 3203 1108 3250 editi.

358 3277 389 3321 17
418 3279 479 3333 qua]
497 3276 551 3336 ipsa
570 3275 594 3324 C.
622 3276 632 3324 ΙΙ
657 3277 772 3337 gasconia
787 3277 817 3322 A.
878 3277 909 3322 18
932 3280 990 3334 post
1006 3274 1109 3333 legimus

356 3345 463 3392 Aoddit
480 3347 527 3392 ida.
