<?xml version="1.0" encoding="UTF-8"?>
<!DOCTYPE html PUBLIC "-//W3C//DTD XHTML 1.0 Transitional//EN"
    "http://www.w3.org/TR/xhtml1/DTD/xhtml1-transitional.dtd">
<html xmlns="http://www.w3.org/1999/xhtml" xml:lang="en" lang="en">
 <head>
  <title>
</title>
<meta http-equiv="Content-Type" content="text/html;charset=utf-8" />
  <meta name='ocr-system' content='tesseract 3.04.00' />
  <meta name='ocr-capabilities' content='ocr_page ocr_carea ocr_par ocr_line ocrx_word'/>
</head>
<body>
  <div class='ocr_page' id='page_1' title='image "./ravennatisanony00ravegoog_0336.png"; bbox 0 0 2578 4008; ppageno 0'>
   <div class='ocr_carea' id='block_1_1' title="bbox 186 401 1009 454">
    <p class='ocr_par' dir='ltr' id='par_1_1' title="bbox 186 401 1009 454">
     <span class='ocr_line' id='line_1_1' title="bbox 186 401 1009 454; baseline 0.007 -6"><span class='ocrx_word' id='word_1_1' title='bbox 186 401 240 448; x_wconf 87' lang='lat' dir='ltr'><strong>Vl</strong></span> <span class='ocrx_word' id='word_1_2' title='bbox 956 402 1009 454; x_wconf 70' lang='lat'><strong>325</strong></span> 
     </span>
    </p>
   </div>
   <div class='ocr_carea' id='block_1_2' title="bbox 189 547 1010 2193">
    <p class='ocr_par' dir='ltr' id='par_1_2' title="bbox 189 547 1010 2193">
     <span class='ocr_line' id='line_1_2' title="bbox 206 547 1009 635; baseline 0 -21"><span class='ocrx_word' id='word_1_3' title='bbox 206 571 218 614; x_wconf 92' lang='lat'>1</span> <span class='ocrx_word' id='word_1_4' title='bbox 258 569 368 612; x_wconf 89' lang='lat' dir='ltr'><strong>corum</strong></span> <span class='ocrx_word' id='word_1_5' title='bbox 389 547 533 632; x_wconf 79' lang='lat' dir='ltr'>possidet</span> <span class='ocrx_word' id='word_1_6' title='bbox 553 550 728 635; x_wconf 86' lang='lat' dir='ltr'><strong>generatio,</strong></span> <span class='ocrx_word' id='word_1_7' title='bbox 749 551 827 614; x_wconf 86' lang='lat' dir='ltr'><strong>item</strong></span> <span class='ocrx_word' id='word_1_8' title='bbox 842 547 1009 616; x_wconf 81' lang='lat' dir='ltr'><strong>Oceanum</strong></span> 
     </span>
     <span class='ocr_line' id='line_1_3' title="bbox 204 650 1008 740; baseline -0.002 -20"><span class='ocrx_word' id='word_1_9' title='bbox 204 676 219 720; x_wconf 80' lang='grc'><strong>1</strong></span> <span class='ocrx_word' id='word_1_10' title='bbox 257 652 427 734; x_wconf 81' lang='lat' dir='ltr'><strong>Britanici,</strong></span> <span class='ocrx_word' id='word_1_11' title='bbox 449 650 757 740; x_wconf 82' lang='lat' dir='ltr'><strong>Spanoguasoonici,</strong></span> <span class='ocrx_word' id='word_1_12' title='bbox 779 677 890 717; x_wconf 88' lang='lat' dir='ltr'><strong>verum</strong></span> <span class='ocrx_word' id='word_1_13' title='bbox 913 654 1008 718; x_wconf 86' lang='lat' dir='ltr'><strong>ctiam</strong></span> 
     </span>
     <span class='ocr_line' id='line_1_4' title="bbox 205 753 1008 843; baseline 0 -21"><span class='ocrx_word' id='word_1_14' title='bbox 205 781 219 826; x_wconf 85' lang='lat' dir='ltr'><strong>s</strong></span> <span class='ocrx_word' id='word_1_15' title='bbox 257 753 389 840; x_wconf 88' lang='lat' dir='ltr'><strong>Spanici</strong></span> <span class='ocrx_word' id='word_1_16' title='bbox 410 778 513 840; x_wconf 87' lang='lat' dir='ltr'><strong>usque</strong></span> <span class='ocrx_word' id='word_1_17' title='bbox 535 757 576 822; x_wconf 87' lang='lat' dir='ltr'><strong>ad</strong></span> <span class='ocrx_word' id='word_1_18' title='bbox 600 779 698 843; x_wconf 81' lang='lat' dir='ltr'><strong>supra</strong></span> <span class='ocrx_word' id='word_1_19' title='bbox 720 758 875 842; x_wconf 87' lang='lat' dir='ltr'><strong>scriptum</strong></span> <span class='ocrx_word' id='word_1_20' title='bbox 889 758 1008 822; x_wconf 84' lang='lat' dir='ltr'><strong>fretum</strong></span> 
     </span>
     <span class='ocr_line' id='line_1_5' title="bbox 205 857 1009 947; baseline -0.005 -19"><span class='ocrx_word' id='word_1_21' title='bbox 205 884 220 928; x_wconf 86' lang='lat'>4</span> <span class='ocrx_word' id='word_1_22' title='bbox 258 857 346 944; x_wconf 89' lang='lat' dir='ltr'><strong>quod</strong></span> <span class='ocrx_word' id='word_1_23' title='bbox 374 858 513 926; x_wconf 84' lang='lat' dir='ltr'><strong>diximus</strong></span> <span class='ocrx_word' id='word_1_24' title='bbox 541 859 842 947; x_wconf 82' lang='lat' dir='ltr'><strong>Septemgaditane,</strong></span> <span class='ocrx_word' id='word_1_25' title='bbox 875 860 931 926; x_wconf 94' lang='lat' dir='ltr'><strong>ubi</strong></span> <span class='ocrx_word' id='word_1_26' title='bbox 961 871 1009 926; x_wconf 89' lang='lat' dir='ltr'><strong>est</strong></span> 
     </span>
     <span class='ocr_line' id='line_1_6' title="bbox 205 961 981 1033; baseline 0.003 -2"><span class='ocrx_word' id='word_1_27' title='bbox 205 985 220 1031; x_wconf 82' lang='lat'><strong>5</strong></span> <span class='ocrx_word' id='word_1_28' title='bbox 257 985 349 1028; x_wconf 91' lang='lat' dir='ltr'><strong>mons</strong></span> <span class='ocrx_word' id='word_1_29' title='bbox 372 961 509 1030; x_wconf 86' lang='lat' dir='ltr'><strong>Statiola</strong></span> <span class='ocrx_word' id='word_1_30' title='bbox 531 974 564 1030; x_wconf 92' lang='lat' dir='ltr'><strong>et</strong></span> <span class='ocrx_word' id='word_1_31' title='bbox 585 965 709 1029; x_wconf 87' lang='lat' dir='ltr'><strong>insulae</strong></span> <span class='ocrx_word' id='word_1_32' title='bbox 730 965 938 1029; x_wconf 83' lang='lat' dir='ltr'><strong>Fortunatae.</strong></span> <span class='ocrx_word' id='word_1_33' title='bbox 980 1029 981 1033; x_wconf 75' lang='grc'>,</span> 
     </span>
     <span class='ocr_line' id='line_1_7' title="bbox 206 1065 1009 1137; baseline -0.007 0"><span class='ocrx_word' id='word_1_34' title='bbox 206 1092 220 1137; x_wconf 85' lang='lat' dir='ltr'><strong>s</strong></span> <span class='ocrx_word' id='word_1_35' title='bbox 290 1065 326 1136; x_wconf 87' lang='lat' dir='ltr'><strong>V</strong></span> <span class='ocrx_word' id='word_1_36' title='bbox 347 1065 377 1135; x_wconf 89' lang='grc'><strong>1.</strong></span> <span class='ocrx_word' id='word_1_37' title='bbox 422 1067 467 1133; x_wconf 83' lang='lat' dir='ltr'><strong>Et</strong></span> <span class='ocrx_word' id='word_1_38' title='bbox 489 1069 517 1134; x_wconf 92' lang='lat' dir='ltr'><strong>si</strong></span> <span class='ocrx_word' id='word_1_39' title='bbox 539 1077 625 1133; x_wconf 91' lang='lat' dir='ltr'><strong>amat</strong></span> <span class='ocrx_word' id='word_1_40' title='bbox 637 1069 748 1134; x_wconf 78' lang='lat' dir='ltr'><strong>iactor</strong></span> <span class='ocrx_word' id='word_1_41' title='bbox 768 1069 821 1133; x_wconf 88' lang='lat' dir='ltr'><strong>vel</strong></span> <span class='ocrx_word' id='word_1_42' title='bbox 835 1067 963 1133; x_wconf 79' lang='lat' dir='ltr'><strong>auditor</strong></span> <span class='ocrx_word' id='word_1_43' title='bbox 977 1077 1009 1131; x_wconf 89' lang='lat' dir='ltr'><strong>et</strong></span> 
     </span>
     <span class='ocr_line' id='line_1_8' title="bbox 206 1172 1010 1240; baseline -0.006 0"><span class='ocrx_word' id='word_1_44' title='bbox 206 1197 220 1240; x_wconf 88' lang='grc'><strong>1</strong></span> <span class='ocrx_word' id='word_1_45' title='bbox 256 1173 370 1238; x_wconf 86' lang='lat' dir='ltr'><strong>volunt</strong></span> <span class='ocrx_word' id='word_1_46' title='bbox 392 1172 541 1238; x_wconf 87' lang='lat' dir='ltr'><strong>subtilius</strong></span> <span class='ocrx_word' id='word_1_47' title='bbox 558 1173 640 1238; x_wconf 88' lang='lat' dir='ltr'><strong>scire</strong></span> <span class='ocrx_word' id='word_1_48' title='bbox 657 1181 743 1238; x_wconf 88' lang='lat' dir='ltr'><strong>totas</strong></span> <span class='ocrx_word' id='word_1_49' title='bbox 760 1173 906 1238; x_wconf 86' lang='lat' dir='ltr'><strong>civitates</strong></span> <span class='ocrx_word' id='word_1_50' title='bbox 924 1172 1010 1236; x_wconf 88' lang='lat' dir='ltr'><strong>eirca</strong></span> 
     </span>
     <span class='ocr_line' id='line_1_9' title="bbox 205 1278 1010 1364; baseline -0.007 -20"><span class='ocrx_word' id='word_1_51' title='bbox 205 1298 220 1344; x_wconf 83' lang='lat' dir='ltr'><strong>s</strong></span> <span class='ocrx_word' id='word_1_52' title='bbox 258 1278 353 1342; x_wconf 85' lang='lat' dir='ltr'><strong>litora</strong></span> <span class='ocrx_word' id='word_1_53' title='bbox 374 1278 474 1342; x_wconf 86' lang='lat' dir='ltr'><strong>totius</strong></span> <span class='ocrx_word' id='word_1_54' title='bbox 496 1278 593 1342; x_wconf 89' lang='lat' dir='ltr'><strong>maris</strong></span> <span class='ocrx_word' id='word_1_55' title='bbox 609 1279 718 1364; x_wconf 82' lang='lat' dir='ltr'><strong>magni</strong></span> <span class='ocrx_word' id='word_1_56' title='bbox 732 1278 854 1364; x_wconf 89' lang='lat' dir='ltr'><strong>positas</strong></span> <span class='ocrx_word' id='word_1_57' title='bbox 869 1284 1010 1340; x_wconf 87' lang='lat' dir='ltr'><strong>tantum-</strong></span> 
     </span>
     <span class='ocr_line' id='line_1_10' title="bbox 206 1380 1009 1464; baseline -0.004 -18"><span class='ocrx_word' id='word_1_58' title='bbox 206 1401 220 1446; x_wconf 85' lang='lat' dir='ltr'><strong>e</strong></span> <span class='ocrx_word' id='word_1_59' title='bbox 257 1380 353 1446; x_wconf 92' lang='lat' dir='ltr'><strong>modo</strong></span> <span class='ocrx_word' id='word_1_60' title='bbox 376 1403 473 1446; x_wconf 90' lang='lat' dir='ltr'><strong>unam</strong></span> <span class='ocrx_word' id='word_1_61' title='bbox 495 1382 587 1446; x_wconf 83' lang='lat' dir='ltr'><strong>alteri</strong></span> <span class='ocrx_word' id='word_1_62' title='bbox 611 1403 777 1464; x_wconf 69' lang='grc' dir='ltr'><strong>1011111111,Ι</strong></span> <span class='ocrx_word' id='word_1_63' title='bbox 800 1383 861 1446; x_wconf 88' lang='lat' dir='ltr'><strong>etsi</strong></span> <span class='ocrx_word' id='word_1_64' title='bbox 876 1403 930 1445; x_wconf 88' lang='lat' dir='ltr'><strong>eas</strong></span> <span class='ocrx_word' id='word_1_65' title='bbox 945 1381 1009 1444; x_wconf 88' lang='lat' dir='ltr'><strong>iam</strong></span> 
     </span>
     <span class='ocr_line' id='line_1_11' title="bbox 190 1485 1010 1574; baseline -0.002 -23"><span class='ocrx_word' id='word_1_66' title='bbox 190 1507 220 1551; x_wconf 87' lang='lat'><strong>10</strong></span> <span class='ocrx_word' id='word_1_67' title='bbox 257 1495 343 1550; x_wconf 85' lang='lat' dir='ltr'><strong>totas</strong></span> <span class='ocrx_word' id='word_1_68' title='bbox 365 1485 600 1551; x_wconf 78' lang='lat' dir='ltr'><strong>nominavimus</strong></span> <span class='ocrx_word' id='word_1_69' title='bbox 622 1509 680 1572; x_wconf 92' lang='lat' dir='ltr'><strong>per</strong></span> <span class='ocrx_word' id='word_1_70' title='bbox 702 1487 847 1574; x_wconf 81' lang='lat' dir='ltr'><strong>singulas</strong></span> <span class='ocrx_word' id='word_1_71' title='bbox 863 1507 937 1550; x_wconf 89' lang='lat' dir='ltr'><strong>suas</strong></span> <span class='ocrx_word' id='word_1_72' title='bbox 952 1506 1010 1569; x_wconf 90' lang='lat' dir='ltr'><strong>po-</strong></span> 
     </span>
     <span class='ocr_line' id='line_1_12' title="bbox 190 1589 1010 1674; baseline -0.007 -17"><span class='ocrx_word' id='word_1_73' title='bbox 190 1613 218 1657; x_wconf 93' lang='lat'><strong>11</strong></span> <span class='ocrx_word' id='word_1_74' title='bbox 257 1589 336 1654; x_wconf 88' lang='lat' dir='ltr'><strong>sitas</strong></span> <span class='ocrx_word' id='word_1_75' title='bbox 364 1589 504 1674; x_wconf 80' lang='lat' dir='ltr'><strong>patrias,</strong></span> <span class='ocrx_word' id='word_1_76' title='bbox 539 1597 680 1654; x_wconf 76' lang='lat' dir='ltr'><strong>attamen</strong></span> <span class='ocrx_word' id='word_1_77' title='bbox 708 1592 897 1656; x_wconf 83' lang='lat' dir='ltr'><strong>reiterantes</strong></span> <span class='ocrx_word' id='word_1_78' title='bbox 924 1596 1010 1652; x_wconf 87' lang='lat' dir='ltr'><strong>totas</strong></span> 
     </span>
     <span class='ocr_line' id='line_1_13' title="bbox 189 1689 1008 1780; baseline -0.009 -18"><span class='ocrx_word' id='word_1_79' title='bbox 189 1716 220 1761; x_wconf 79' lang='lat'><strong>12</strong></span> <span class='ocrx_word' id='word_1_80' title='bbox 258 1693 344 1756; x_wconf 86' lang='lat' dir='ltr'><strong>eirca</strong></span> <span class='ocrx_word' id='word_1_81' title='bbox 365 1693 461 1756; x_wconf 84' lang='lat' dir='ltr'><strong>litora</strong></span> <span class='ocrx_word' id='word_1_82' title='bbox 481 1693 579 1758; x_wconf 86' lang='lat' dir='ltr'><strong>maris</strong></span> <span class='ocrx_word' id='word_1_83' title='bbox 601 1696 710 1780; x_wconf 85' lang='lat' dir='ltr'><strong>magni</strong></span> <span class='ocrx_word' id='word_1_84' title='bbox 732 1695 853 1780; x_wconf 83' lang='lat' dir='ltr'><strong>positas</strong></span> <span class='ocrx_word' id='word_1_85' title='bbox 878 1689 1008 1756; x_wconf 85' lang='lat' dir='ltr'><strong>Christo</strong></span> 
     </span>
     <span class='ocr_line' id='line_1_14' title="bbox 189 1795 1008 1882; baseline -0.01 -16"><span class='ocrx_word' id='word_1_86' title='bbox 189 1821 219 1866; x_wconf 78' lang='lat'><strong>18</strong></span> <span class='ocrx_word' id='word_1_87' title='bbox 257 1795 351 1860; x_wconf 91' lang='lat' dir='ltr'><strong>nobis</strong></span> <span class='ocrx_word' id='word_1_88' title='bbox 385 1795 559 1860; x_wconf 85' lang='lat' dir='ltr'><strong>auxiliante</strong></span> <span class='ocrx_word' id='word_1_89' title='bbox 599 1799 753 1862; x_wconf 89' lang='lat' dir='ltr'><strong>minutius</strong></span> <span class='ocrx_word' id='word_1_90' title='bbox 787 1796 1008 1882; x_wconf 85' lang='lat' dir='ltr'><strong>designemus:</strong></span> 
     </span>
     <span class='ocr_line' id='line_1_15' title="bbox 189 1897 1010 1991; baseline -0.009 -22"><span class='ocrx_word' id='word_1_91' title='bbox 189 1924 221 1969; x_wconf 83' lang='lat'><strong>14</strong></span> <span class='ocrx_word' id='word_1_92' title='bbox 256 1898 343 1964; x_wconf 91' lang='lat' dir='ltr'><strong>unde</strong></span> <span class='ocrx_word' id='word_1_93' title='bbox 365 1899 451 1963; x_wconf 90' lang='lat' dir='ltr'><strong>illico</strong></span> <span class='ocrx_word' id='word_1_94' title='bbox 480 1897 540 1965; x_wconf 91' lang='lat' dir='ltr'><strong>deo</strong></span> <span class='ocrx_word' id='word_1_95' title='bbox 568 1911 728 1991; x_wconf 65' lang='lat' dir='ltr'><strong>annuente</strong></span> <span class='ocrx_word' id='word_1_96' title='bbox 750 1901 941 1985; x_wconf 89' lang='lat' dir='ltr'><strong>incipientes</strong></span> <span class='ocrx_word' id='word_1_97' title='bbox 964 1899 1010 1962; x_wconf 89' lang='lat' dir='ltr'><strong>ita</strong></span> 
     </span>
     <span class='ocr_line' id='line_1_16' title="bbox 189 2001 1009 2073; baseline -0.01 0"><span class='ocrx_word' id='word_1_98' title='bbox 189 2025 219 2073; x_wconf 78' lang='grc'><strong>11</strong></span> <span class='ocrx_word' id='word_1_99' title='bbox 257 2027 311 2069; x_wconf 91' lang='lat' dir='ltr'><strong>eas</strong></span> <span class='ocrx_word' id='word_1_100' title='bbox 341 2004 576 2070; x_wconf 84' lang='lat' dir='ltr'><strong>nominavimus</strong></span> <span class='ocrx_word' id='word_1_101' title='bbox 607 2015 639 2070; x_wconf 88' lang='lat' dir='ltr'><strong>et</strong></span> <span class='ocrx_word' id='word_1_102' title='bbox 667 2002 861 2070; x_wconf 89' lang='lat' dir='ltr'><strong>nominando</strong></span> <span class='ocrx_word' id='word_1_103' title='bbox 891 2001 1009 2068; x_wconf 89' lang='lat' dir='ltr'><strong>subici-</strong></span> 
     </span>
     <span class='ocr_line' id='line_1_17' title="bbox 189 2109 513 2193; baseline -0.006 -17"><span class='ocrx_word' id='word_1_104' title='bbox 189 2132 220 2176; x_wconf 81' lang='lat'><strong>16</strong></span> <span class='ocrx_word' id='word_1_105' title='bbox 256 2129 345 2189; x_wconf 88' lang='lat' dir='ltr'><strong>mus,</strong></span> <span class='ocrx_word' id='word_1_106' title='bbox 368 2109 513 2193; x_wconf 86' lang='lat' dir='ltr'><strong>inprimis</strong></span> 
     </span>
    </p>
   </div>
   <div class='ocr_carea' id='block_1_3' title="bbox 255 2331 1011 3451">
    <p class='ocr_par' dir='ltr' id='par_1_3' title="bbox 255 2331 1011 3451">
     <span class='ocr_line' id='line_1_18' title="bbox 260 2331 1011 2390; baseline 0 -14"><span class='ocrx_word' id='word_1_107' title='bbox 260 2333 271 2376; x_wconf 84' lang='lat'><em>1</em></span> <span class='ocrx_word' id='word_1_108' title='bbox 302 2333 428 2390; x_wconf 82' lang='lat' dir='ltr'><strong>generacio</strong></span> <span class='ocrx_word' id='word_1_109' title='bbox 448 2331 472 2379; x_wconf 82' lang='lat'><strong>0.</strong></span> <span class='ocrx_word' id='word_1_110' title='bbox 500 2333 510 2378; x_wconf 86' lang='lat' dir='ltr'><strong>ii</strong></span> <span class='ocrx_word' id='word_1_111' title='bbox 536 2333 594 2378; x_wconf 84' lang='lat' dir='ltr'><strong>item</strong></span> <span class='ocrx_word' id='word_1_112' title='bbox 613 2337 665 2390; x_wconf 76' lang='lat' dir='ltr'><strong>etc]</strong></span> <span class='ocrx_word' id='word_1_113' title='bbox 684 2333 742 2379; x_wconf 87' lang='lat' dir='ltr'><strong>item</strong></span> <span class='ocrx_word' id='word_1_114' title='bbox 761 2331 871 2379; x_wconf 85' lang='lat' dir='ltr'><strong>Oceanus</strong></span> <span class='ocrx_word' id='word_1_115' title='bbox 888 2331 1011 2378; x_wconf 79' lang='lat' dir='ltr'><strong>Britanni·</strong></span> 
     </span>
     <span class='ocr_line' id='line_1_19' title="bbox 256 2401 1011 2463; baseline 0.001 -16"><span class='ocrx_word' id='word_1_116' title='bbox 256 2415 298 2448; x_wconf 87' lang='lat' dir='ltr'><strong>ous</strong></span> <span class='ocrx_word' id='word_1_117' title='bbox 317 2402 476 2460; x_wconf 83' lang='lat' dir='ltr'><strong>Aquitanicus</strong></span> <span class='ocrx_word' id='word_1_118' title='bbox 489 2402 746 2463; x_wconf 79' lang='lat' dir='ltr'><strong>Spanoguasconiacus</strong></span> <span class='ocrx_word' id='word_1_119' title='bbox 763 2419 846 2450; x_wconf 85' lang='lat' dir='ltr'><strong>verum</strong></span> <span class='ocrx_word' id='word_1_120' title='bbox 864 2401 1011 2461; x_wconf 74' lang='grc'>1111118111-</span> 
     </span>
     <span class='ocr_line' id='line_1_20' title="bbox 255 2472 1009 2533; baseline -0.001 -15"><span class='ocrx_word' id='word_1_121' title='bbox 255 2473 324 2519; x_wconf 90' lang='lat' dir='ltr'><strong>nicus</strong></span> <span class='ocrx_word' id='word_1_122' title='bbox 344 2472 428 2519; x_wconf 80' lang='lat' dir='ltr'><strong>Goido.</strong></span> <span class='ocrx_word' id='word_1_123' title='bbox 456 2474 465 2519; x_wconf 97' lang='grc' dir='ltr'><strong>ΙΙ</strong></span> <span class='ocrx_word' id='word_1_124' title='bbox 492 2476 663 2532; x_wconf 70' lang='lat' dir='ltr'><strong>occemund,</strong></span> <span class='ocrx_word' id='word_1_125' title='bbox 683 2479 767 2522; x_wconf 81' lang='lat' dir='ltr'><strong>oceani</strong></span> <span class='ocrx_word' id='word_1_126' title='bbox 784 2476 814 2533; x_wconf 92' lang='lat' dir='ltr'><strong>B,</strong></span> <span class='ocrx_word' id='word_1_127' title='bbox 834 2474 926 2521; x_wconf 86' lang='lat' dir='ltr'><strong>Oceani</strong></span> <span class='ocrx_word' id='word_1_128' title='bbox 944 2473 1009 2518; x_wconf 77' lang='lat' dir='ltr'><strong>editi.</strong></span> 
     </span>
     <span class='ocr_line' id='line_1_21' title="bbox 256 2543 1010 2602; baseline 0 -13"><span class='ocrx_word' id='word_1_129' title='bbox 256 2545 271 2589; x_wconf 77' lang='lat'>2</span> <span class='ocrx_word' id='word_1_130' title='bbox 296 2543 381 2598; x_wconf 85' lang='lat' dir='ltr'><strong>stiam]</strong></span> <span class='ocrx_word' id='word_1_131' title='bbox 401 2549 425 2590; x_wconf 88' lang='lat' dir='ltr'><strong>et</strong></span> <span class='ocrx_word' id='word_1_132' title='bbox 442 2545 506 2590; x_wconf 79' lang='lat' dir='ltr'><strong>editi.</strong></span> <span class='ocrx_word' id='word_1_133' title='bbox 562 2548 576 2592; x_wconf 84' lang='grc'><strong>3</strong></span> <span class='ocrx_word' id='word_1_134' title='bbox 602 2547 633 2593; x_wconf 84' lang='lat' dir='ltr'><strong>ad</strong></span> <span class='ocrx_word' id='word_1_135' title='bbox 651 2561 696 2592; x_wconf 88' lang='lat' dir='ltr'><strong>om.</strong></span> <span class='ocrx_word' id='word_1_136' title='bbox 708 2547 753 2591; x_wconf 85' lang='lat' dir='ltr'><strong>AB</strong></span> <span class='ocrx_word' id='word_1_137' title='bbox 771 2547 836 2592; x_wconf 81' lang='lat' dir='ltr'><strong>editi.</strong></span> <span class='ocrx_word' id='word_1_138' title='bbox 890 2545 907 2590; x_wconf 77' lang='lat'>4</span> <span class='ocrx_word' id='word_1_139' title='bbox 931 2549 1010 2602; x_wconf 75' lang='lat' dir='ltr'><strong>septe-</strong></span> 
     </span>
     <span class='ocr_line' id='line_1_22' title="bbox 255 2613 1010 2682; baseline -0.003 -22"><span class='ocrx_word' id='word_1_140' title='bbox 255 2614 385 2673; x_wconf 83' lang='lat' dir='ltr'><strong>gadditane</strong></span> <span class='ocrx_word' id='word_1_141' title='bbox 398 2618 426 2672; x_wconf 78' lang='lat' dir='ltr'><strong>A,</strong></span> <span class='ocrx_word' id='word_1_142' title='bbox 444 2617 647 2675; x_wconf 78' lang='lat' dir='ltr'><strong>septegaduitana</strong></span> <span class='ocrx_word' id='word_1_143' title='bbox 662 2615 685 2674; x_wconf 84' lang='lat'><strong>0,</strong></span> <span class='ocrx_word' id='word_1_144' title='bbox 705 2617 898 2682; x_wconf 84' lang='lat' dir='ltr'><strong>septe-gaditana</strong></span> <span class='ocrx_word' id='word_1_145' title='bbox 910 2615 933 2660; x_wconf 87' lang='grc' dir='ltr'><em>Β</em></span> <span class='ocrx_word' id='word_1_146' title='bbox 945 2613 1010 2660; x_wconf 80' lang='lat' dir='ltr'><strong>editi.</strong></span> 
     </span>
     <span class='ocr_line' id='line_1_23' title="bbox 257 2684 1010 2746; baseline 0 -16"><span class='ocrx_word' id='word_1_147' title='bbox 257 2684 271 2731; x_wconf 77' lang='lat'><strong>5</strong></span> <span class='ocrx_word' id='word_1_148' title='bbox 291 2685 394 2731; x_wconf 84' lang='lat' dir='ltr'><strong>staciola</strong></span> <span class='ocrx_word' id='word_1_149' title='bbox 414 2684 437 2742; x_wconf 78' lang='lat' dir='ltr'><strong>C,</strong></span> <span class='ocrx_word' id='word_1_150' title='bbox 462 2686 561 2733; x_wconf 71' lang='lat' dir='ltr'><strong>tertiolo</strong></span> <span class='ocrx_word' id='word_1_151' title='bbox 580 2685 625 2746; x_wconf 67' lang='lat' dir='ltr'><strong>Gis,</strong></span> <span class='ocrx_word' id='word_1_152' title='bbox 644 2688 734 2734; x_wconf 86' lang='lat' dir='ltr'><strong>tastula</strong></span> <span class='ocrx_word' id='word_1_153' title='bbox 753 2688 792 2734; x_wconf 72' lang='grc' dir='ltr'><strong>θ’.</strong></span> <span class='ocrx_word' id='word_1_154' title='bbox 820 2688 829 2733; x_wconf 87' lang='lat' dir='ltr'><strong>ii</strong></span> <span class='ocrx_word' id='word_1_155' title='bbox 855 2691 890 2743; x_wconf 84' lang='lat' dir='ltr'><strong>et]</strong></span> <span class='ocrx_word' id='word_1_156' title='bbox 909 2684 950 2732; x_wconf 86' lang='lat' dir='ltr'><strong>vel</strong></span> <span class='ocrx_word' id='word_1_157' title='bbox 967 2685 1010 2731; x_wconf 79' lang='lat' dir='ltr'><strong>AB</strong></span> 
     </span>
     <span class='ocr_line' id='line_1_24' title="bbox 256 2755 1010 2818; baseline 0 -18"><span class='ocrx_word' id='word_1_158' title='bbox 256 2755 321 2800; x_wconf 80' lang='lat' dir='ltr'><strong>editi.</strong></span> <span class='ocrx_word' id='word_1_159' title='bbox 354 2756 363 2801; x_wconf 97' lang='grc' dir='ltr'><strong>ΙΙ</strong></span> <span class='ocrx_word' id='word_1_160' title='bbox 389 2761 447 2815; x_wconf 78' lang='lat' dir='ltr'><strong>post</strong></span> <span class='ocrx_word' id='word_1_161' title='bbox 468 2757 613 2804; x_wconf 78' lang='lat' dir='ltr'><strong>Fortunatae</strong></span> <span class='ocrx_word' id='word_1_162' title='bbox 638 2757 657 2805; x_wconf 82' lang='lat'><em>0</em></span> <span class='ocrx_word' id='word_1_163' title='bbox 679 2759 735 2805; x_wconf 82' lang='lat' dir='ltr'><strong>add.</strong></span> <span class='ocrx_word' id='word_1_164' title='bbox 759 2759 874 2818; x_wconf 79' lang='lat' dir='ltr'><strong>prologus</strong></span> <span class='ocrx_word' id='word_1_165' title='bbox 897 2756 1010 2803; x_wconf 88' lang='lat' dir='ltr'><strong>auctoris.</strong></span> 
     </span>
     <span class='ocr_line' id='line_1_25' title="bbox 256 2825 1009 2889; baseline -0.001 -17"><span class='ocrx_word' id='word_1_166' title='bbox 256 2827 285 2872; x_wconf 89' lang='lat' dir='ltr'><strong>de</strong></span> <span class='ocrx_word' id='word_1_167' title='bbox 295 2827 437 2874; x_wconf 83' lang='lat' dir='ltr'><strong>civitatibus</strong></span> <span class='ocrx_word' id='word_1_168' title='bbox 445 2827 516 2873; x_wconf 82' lang='lat' dir='ltr'><strong>iuxta</strong></span> <span class='ocrx_word' id='word_1_169' title='bbox 525 2841 589 2874; x_wconf 85' lang='lat' dir='ltr'><strong>mare</strong></span> <span class='ocrx_word' id='word_1_170' title='bbox 599 2841 712 2888; x_wconf 82' lang='lat' dir='ltr'><strong>magnum</strong></span> <span class='ocrx_word' id='word_1_171' title='bbox 721 2830 816 2889; x_wconf 82' lang='lat' dir='ltr'><strong>positis.</strong></span> <span class='ocrx_word' id='word_1_172' title='bbox 857 2829 871 2874; x_wconf 83' lang='lat'>6</span> <span class='ocrx_word' id='word_1_173' title='bbox 891 2841 974 2874; x_wconf 86' lang='lat' dir='ltr'><strong>amans</strong></span> <span class='ocrx_word' id='word_1_174' title='bbox 985 2825 1009 2873; x_wconf 81' lang='lat'><strong>0.</strong></span> 
     </span>
     <span class='ocr_line' id='line_1_26' title="bbox 256 2896 1010 2954; baseline 0.001 -12"><span class='ocrx_word' id='word_1_175' title='bbox 256 2896 266 2943; x_wconf 90' lang='grc' dir='ltr'><strong>ΙΙ</strong></span> <span class='ocrx_word' id='word_1_176' title='bbox 280 2901 305 2943; x_wconf 88' lang='lat' dir='ltr'><strong>et</strong></span> <span class='ocrx_word' id='word_1_177' title='bbox 323 2896 455 2954; x_wconf 79' lang='lat' dir='ltr'><strong>(alteram)</strong></span> <span class='ocrx_word' id='word_1_178' title='bbox 475 2913 520 2943; x_wconf 87' lang='lat' dir='ltr'><strong>om.</strong></span> <span class='ocrx_word' id='word_1_179' title='bbox 538 2898 582 2944; x_wconf 84' lang='lat' dir='ltr'><strong>BC</strong></span> <span class='ocrx_word' id='word_1_180' title='bbox 598 2899 662 2945; x_wconf 78' lang='lat' dir='ltr'><strong>editi.</strong></span> <span class='ocrx_word' id='word_1_181' title='bbox 718 2902 732 2946; x_wconf 87' lang='lat'><em>8</em></span> <span class='ocrx_word' id='word_1_182' title='bbox 758 2901 844 2947; x_wconf 80' lang='lat' dir='ltr'><strong>littora</strong></span> <span class='ocrx_word' id='word_1_183' title='bbox 860 2897 909 2946; x_wconf 79' lang='lat' dir='ltr'><strong>Bc.</strong></span> <span class='ocrx_word' id='word_1_184' title='bbox 937 2898 947 2944; x_wconf 97' lang='grc' dir='ltr'><strong>ΙΙ</strong></span> <span class='ocrx_word' id='word_1_185' title='bbox 972 2903 1010 2943; x_wconf 86' lang='grc' dir='ltr'><strong>1ο-</strong></span> 
     </span>
     <span class='ocr_line' id='line_1_27' title="bbox 257 2967 1010 3032; baseline 0.003 -20"><span class='ocrx_word' id='word_1_186' title='bbox 257 2967 308 3014; x_wconf 87' lang='lat' dir='ltr'><strong>cius</strong></span> <span class='ocrx_word' id='word_1_187' title='bbox 327 2967 357 3013; x_wconf 89' lang='lat' dir='ltr'><strong>B.</strong></span> <span class='ocrx_word' id='word_1_188' title='bbox 405 2969 420 3014; x_wconf 82' lang='grc'>9</span> <span class='ocrx_word' id='word_1_189' title='bbox 449 2967 547 3015; x_wconf 83' lang='lat' dir='ltr'><strong>alterius</strong></span> <span class='ocrx_word' id='word_1_190' title='bbox 568 2970 587 3014; x_wconf 89' lang='lat' dir='ltr'><strong><em>B</em></strong></span> <span class='ocrx_word' id='word_1_191' title='bbox 606 2969 662 3016; x_wconf 78' lang='lat' dir='ltr'><strong>editi</strong></span> <span class='ocrx_word' id='word_1_192' title='bbox 680 2976 706 3016; x_wconf 82' lang='lat' dir='ltr'><strong>at</strong></span> <span class='ocrx_word' id='word_1_193' title='bbox 724 2969 793 3032; x_wconf 83' lang='lat' dir='ltr'><strong>iasra</strong></span> <span class='ocrx_word' id='word_1_194' title='bbox 809 2971 831 3017; x_wconf 90' lang='lat' dir='ltr'><strong><em>V</em></strong></span> <span class='ocrx_word' id='word_1_195' title='bbox 846 2971 889 3016; x_wconf 84' lang='lat'><strong>16.</strong></span> <span class='ocrx_word' id='word_1_196' title='bbox 910 2970 927 3023; x_wconf 52' lang='lat' dir='ltr'><strong>,u</strong></span> <span class='ocrx_word' id='word_1_197' title='bbox 954 2982 1010 3014; x_wconf 84' lang='lat' dir='ltr'><strong>con·</strong></span> 
     </span>
     <span class='ocr_line' id='line_1_28' title="bbox 255 3037 1010 3100; baseline 0.001 -16"><span class='ocrx_word' id='word_1_198' title='bbox 255 3051 344 3086; x_wconf 83' lang='lat' dir='ltr'><strong>nexam</strong></span> <span class='ocrx_word' id='word_1_199' title='bbox 357 3037 422 3085; x_wconf 82' lang='lat' dir='ltr'><strong>editi.</strong></span> <span class='ocrx_word' id='word_1_200' title='bbox 441 3039 452 3085; x_wconf 88' lang='grc' dir='ltr'><strong>ΙΙ</strong></span> <span class='ocrx_word' id='word_1_201' title='bbox 474 3041 532 3095; x_wconf 82' lang='lat' dir='ltr'><strong>atsi]</strong></span> <span class='ocrx_word' id='word_1_202' title='bbox 550 3039 590 3086; x_wconf 85' lang='lat' dir='ltr'><strong>vel</strong></span> <span class='ocrx_word' id='word_1_203' title='bbox 602 3040 623 3085; x_wconf 89' lang='lat' dir='ltr'><strong>si</strong></span> <span class='ocrx_word' id='word_1_204' title='bbox 641 3041 685 3086; x_wconf 83' lang='lat' dir='ltr'><strong>AB</strong></span> <span class='ocrx_word' id='word_1_205' title='bbox 695 3041 759 3088; x_wconf 82' lang='lat' dir='ltr'><strong>aditi.</strong></span> <span class='ocrx_word' id='word_1_206' title='bbox 816 3043 846 3087; x_wconf 88' lang='lat'><strong>10</strong></span> <span class='ocrx_word' id='word_1_207' title='bbox 868 3043 898 3088; x_wconf 94' lang='lat'><strong>11</strong></span> <span class='ocrx_word' id='word_1_208' title='bbox 919 3040 1010 3100; x_wconf 86' lang='lat' dir='ltr'><strong>patrias</strong></span> 
     </span>
     <span class='ocr_line' id='line_1_29' title="bbox 255 3107 1010 3171; baseline 0 -17"><span class='ocrx_word' id='word_1_209' title='bbox 255 3111 348 3168; x_wconf 82' lang='lat' dir='ltr'><strong>positas</strong></span> <span class='ocrx_word' id='word_1_210' title='bbox 369 3107 392 3155; x_wconf 81' lang='lat'><strong>0.</strong></span> <span class='ocrx_word' id='word_1_211' title='bbox 458 3111 488 3155; x_wconf 96' lang='grc'><strong>11</strong></span> <span class='ocrx_word' id='word_1_212' title='bbox 519 3114 711 3157; x_wconf 73' lang='lat' dir='ltr'><strong>attamen-12</strong></span> <span class='ocrx_word' id='word_1_213' title='bbox 739 3113 832 3171; x_wconf 87' lang='lat' dir='ltr'><strong>positas</strong></span> <span class='ocrx_word' id='word_1_214' title='bbox 859 3127 904 3158; x_wconf 85' lang='lat' dir='ltr'><strong>om.</strong></span> <span class='ocrx_word' id='word_1_215' title='bbox 922 3109 1010 3158; x_wconf 75' lang='lat' dir='ltr'><strong>Porcii.</strong></span> 
     </span>
     <span class='ocr_line' id='line_1_30' title="bbox 258 3178 1008 3242; baseline 0.003 -17"><span class='ocrx_word' id='word_1_216' title='bbox 258 3178 457 3226; x_wconf 71' lang='grc'>1111111130.</span> <span class='ocrx_word' id='word_1_217' title='bbox 514 3181 545 3226; x_wconf 88' lang='lat'><strong>18</strong></span> <span class='ocrx_word' id='word_1_218' title='bbox 565 3182 674 3229; x_wconf 79' lang='lat' dir='ltr'><strong>midutiis</strong></span> <span class='ocrx_word' id='word_1_219' title='bbox 698 3181 723 3230; x_wconf 79' lang='lat'><strong>0.</strong></span> <span class='ocrx_word' id='word_1_220' title='bbox 750 3183 760 3229; x_wconf 88' lang='grc' dir='ltr'><strong>ΙΙ</strong></span> <span class='ocrx_word' id='word_1_221' title='bbox 786 3183 964 3242; x_wconf 80' lang='lat' dir='ltr'><strong>designabimus</strong></span> <span class='ocrx_word' id='word_1_222' title='bbox 985 3180 1008 3228; x_wconf 81' lang='lat'><strong>0.</strong></span> 
     </span>
     <span class='ocr_line' id='line_1_31' title="bbox 258 3251 1009 3312; baseline 0.003 -16"><span class='ocrx_word' id='word_1_223' title='bbox 258 3252 290 3296; x_wconf 87' lang='lat'><strong>14</strong></span> <span class='ocrx_word' id='word_1_224' title='bbox 313 3251 421 3296; x_wconf 87' lang='lat' dir='ltr'><strong>unde-</strong></span> <span class='ocrx_word' id='word_1_225' title='bbox 443 3251 473 3298; x_wconf 75' lang='lat'><strong>15</strong></span> <span class='ocrx_word' id='word_1_226' title='bbox 498 3251 608 3310; x_wconf 87' lang='lat' dir='ltr'><strong>inprimis</strong></span> <span class='ocrx_word' id='word_1_227' title='bbox 630 3267 675 3298; x_wconf 87' lang='lat' dir='ltr'><strong>om.</strong></span> <span class='ocrx_word' id='word_1_228' title='bbox 694 3253 738 3298; x_wconf 76' lang='lat' dir='ltr'><strong>AB</strong></span> <span class='ocrx_word' id='word_1_229' title='bbox 756 3253 820 3300; x_wconf 78' lang='lat' dir='ltr'><strong>aditi.</strong></span> <span class='ocrx_word' id='word_1_230' title='bbox 895 3256 925 3300; x_wconf 81' lang='grc'><strong>16</strong></span> <span class='ocrx_word' id='word_1_231' title='bbox 951 3259 1009 3312; x_wconf 78' lang='lat' dir='ltr'><strong>poet</strong></span> 
     </span>
     <span class='ocr_line' id='line_1_32' title="bbox 256 3320 1010 3384; baseline 0.004 -17"><span class='ocrx_word' id='word_1_232' title='bbox 256 3321 389 3367; x_wconf 76' lang='lat' dir='ltr'><strong>subicimus</strong></span> <span class='ocrx_word' id='word_1_233' title='bbox 412 3320 503 3368; x_wconf 73' lang='lat' dir='ltr'><strong>cado.</strong></span> <span class='ocrx_word' id='word_1_234' title='bbox 524 3322 635 3370; x_wconf 84' lang='lat' dir='ltr'><strong>civitates</strong></span> <span class='ocrx_word' id='word_1_235' title='bbox 653 3325 698 3370; x_wconf 84' lang='lat' dir='ltr'><strong>istc</strong></span> <span class='ocrx_word' id='word_1_236' title='bbox 717 3331 773 3371; x_wconf 87' lang='lat' dir='ltr'><strong>sunt</strong></span> <span class='ocrx_word' id='word_1_237' title='bbox 792 3338 870 3372; x_wconf 74' lang='lat' dir='ltr'><strong>cxxx.</strong></span> <span class='ocrx_word' id='word_1_238' title='bbox 899 3326 909 3371; x_wconf 90' lang='grc' dir='ltr'><strong>ΙΙ</strong></span> <span class='ocrx_word' id='word_1_239' title='bbox 935 3324 1010 3384; x_wconf 87' lang='lat' dir='ltr'><strong>inpri-</strong></span> 
     </span>
     <span class='ocr_line' id='line_1_33' title="bbox 256 3392 545 3451; baseline 0 -13"><span class='ocrx_word' id='word_1_240' title='bbox 256 3392 316 3450; x_wconf 87' lang='lat' dir='ltr'><strong>mis]</strong></span> <span class='ocrx_word' id='word_1_241' title='bbox 335 3392 400 3451; x_wconf 86' lang='lat' dir='ltr'><strong>quod</strong></span> <span class='ocrx_word' id='word_1_242' title='bbox 418 3393 462 3438; x_wconf 81' lang='lat' dir='ltr'><strong>AB</strong></span> <span class='ocrx_word' id='word_1_243' title='bbox 481 3392 545 3439; x_wconf 80' lang='lat' dir='ltr'><strong>aditi.</strong></span> 
     </span>
    </p>
   </div>
   <div class='ocr_carea' id='block_1_4' title="bbox 0 0 1294 4008">
    <p class='ocr_par' dir='ltr' id='par_1_4' title="bbox 0 0 1294 4008">
     <span class='ocr_line' id='line_1_34' title="bbox 0 0 1294 4008; baseline 0 0"><span class='ocrx_word' id='word_1_244' title='bbox 0 0 1294 4008; x_wconf 95' lang='lat' dir='ltr'><strong> </strong></span> 
     </span>
    </p>
   </div>
  </div>
 </body>
</html>
