2710 4004
291 401 344 454 442
1040 405 1062 452 V
1081 409 1114 454 33

312 577 322 619 1
405 549 562 637 Legimus
580 559 622 631 ‚ut
644 551 677 614 in
700 550 771 636 ipso
794 546 945 632 Oeeano,
973 551 1038 615 iam
1061 575 1116 616 ex-

310 678 325 723 e
361 654 449 740 pleta
469 663 561 739 parte
584 653 788 737 occidentali,
808 662 962 738 tanquam
984 656 1026 722 ad
1042 681 1116 744 par-

310 777 325 822 e
361 769 428 823 tem
454 756 673 845 regredientes
702 755 928 842 meridianam,
957 771 1033 826 sunt
1055 785 1115 826 nu·

310 884 326 928 4
361 885 449 927 mero
471 862 595 928 insulae
615 861 750 948 triginta
770 869 848 944 tres,
870 884 952 946 quae
975 874 1008 928 et
1029 864 1116 929 Dor·

311 989 325 1035 t
363 963 459 1032 cades
492 965 703 1051 appellantur.
759 986 842 1048 quae
876 968 1022 1050 quamvis
1049 990 1115 1032 non

311 1094 325 1139 e
362 1070 503 1135 existant
518 1091 629 1134 omnes
647 1067 807 1151 excultae,
828 1077 971 1134 attamen
984 1071 1116 1136 nomina

311 1197 325 1240 r
361 1173 488 1238 illarum
510 1171 713 1237 volueramus
729 1168 860 1237 Christo
874 1172 969 1240 nobis
982 1174 1114 1240 iuvante

311 1301 325 1346 a
362 1275 549 1364 designare:
579 1273 638 1340 sed
660 1275 736 1359 quia
756 1276 900 1360 peeeatis
923 1278 1116 1364 emergenti-

310 1405 324 1449 e
361 1380 423 1446 bus
447 1387 538 1446 sueta
560 1402 580 1443 a
602 1377 738 1444 diversis
760 1378 911 1466 gentibus
926 1380 998 1466 ipsa
1013 1379 1116 1446 domi·

294 1509 325 1555 10
361 1494 457 1549 natur
470 1482 586 1569 patria,
608 1491 642 1546 et
661 1491 699 1547 ut
719 1481 876 1550 barbarus
890 1506 960 1550 mos
977 1493 1037 1567 est,
1059 1508 1116 1550 va·

293 1615 324 1660 11
361 1588 418 1654 riis
446 1585 669 1652 vocationibus
698 1585 828 1654 easdem
855 1587 978 1654 insulas
1004 1589 1115 1675 appel-

294 1720 325 1765 12
361 1691 441 1774 lant,
462 1690 650 1775 reliquimus
672 1692 803 1756 nomina
824 1690 1069 1780 designandum.

294 1823 325 1869 ιε
395 1795 449 1863 33.
500 1792 567 1863 Sed
596 1804 646 1862 est
672 1795 779 1862 insula
803 1804 881 1886 post
905 1795 1116 1880 Aquitaniam

293 1929 326 1974 14
362 1922 445 1984 quae
467 1897 586 1964 dicitur

293 2028 325 2074 15
513 2000 699 2068 Oboeorum

294 2135 325 2180 ιε
513 2103 678 2172 Ollarione

294 2239 325 2284 17
513 2210 607 2276 Ratis

295 2343 326 2388 ιε
514 2313 623 2380 Corda

365 2553 378 2598 1
404 2554 444 2608 ut}
462 2563 519 2596 vero
537 2547 584 2596 Ae.
613 2549 623 2596 ll
648 2548 763 2609 explecte
779 2547 810 2595 B.
865 2549 880 2595 8
908 2547 1071 2608 regredientes
1090 2545 1114 2606 G,

362 2621 525 2682 ingredientes
542 2620 607 2668 aditi.
644 2620 654 2668 ΙΙ
688 2622 757 2677 sunt]
779 2619 846 2678 quod
862 2624 919 2666 sunt
938 2617 963 2666 0.
1029 2620 1046 2665 4
1073 2619 1116 2666 tri·

362 2693 432 2754 ginta
449 2695 510 2750 tres]
529 2704 613 2738 xxxm
634 2689 659 2738 0.
718 2692 734 2736 4
761 2691 886 2738 Demades
904 2690 970 2738 editi.
1031 2689 1045 2736 t
1073 2703 1117 2750 ap-

362 2761 467 2824 pelletur
493 2762 559 2810 editi.
632 2763 647 2808 7
675 2774 757 2808 earum
785 2760 810 2809 G.
846 2761 856 2808 ΙΙ
889 2760 1041 2808 vulneremus
1063 2761 1116 2806 AB.

363 2835 373 2881 ΙΙ
384 2835 515 2881 adiuvante
533 2832 598 2880 editi.
653 2833 668 2879 8
696 2837 733 2880 ret
753 2830 777 2879 0.
833 2833 925 2880 10-12
952 2831 1117 2878 uerieeuoea-

363 2905 442 2952 tiones
462 2910 485 2951 et
502 2903 656 2965 appellantur
673 2903 696 2948 B
713 2903 779 2949 editi.
852 2903 883 2950 12
910 2901 1051 2962 reliquimus
1072 2915 1117 2948 no-

363 2976 429 3023 mina
447 2975 621 3035 designandum
639 2972 706 3021 ABG
715 2977 810 3034 ponuat
827 2971 975 3035 infrav.15
990 2977 1049 3032 port
1066 2971 1117 3018 Ob-

363 3060 468 3094 eaerum.
542 3047 574 3093 1a
602 3046 645 3093 sed
668 3049 693 3092 et
715 3049 752 3091 est
774 3044 840 3092 editi.
875 3045 886 3090 ll
919 3043 1068 3104 equitaniam
1085 3043 1116 3090 B.

366 3119 398 3164 1e
417 3117 550 3173 Ollarionel
566 3114 746 3174 UliarusPlia.,
764 3113 933 3163 nuncOleron.
989 3115 1020 3160 17
1039 3113 1116 3171 Betis}

365 3188 558 3244 „monasterium
577 3187 643 3246 quod
660 3185 734 3234 Redis
755 3186 835 3234 insule
852 3187 925 3234 eitum
944 3189 1001 3232 est“
1028 3183 1116 3230 Amal.

364 3259 473 3306 Matiene.
497 3273 553 3304 aaa.
574 3257 633 3315 m,
661 3255 731 3303 leodic
752 3256 789 3304 lle
807 3259 836 3304 de
854 3255 898 3304 126.
965 3257 997 3303 18
1025 3254 1116 3313 Corde]

358 3327 470 3389 fortasse
488 3327 567 3375 insula
585 3331 610 3376 iu
628 3330 689 3376 ostio
702 3327 838 3375 Garumnae
855 3342 906 3375 cum
919 3327 1009 3388 piare,
1027 3328 1118 3373 cuiae·

364 3413 417 3444 men
436 3398 477 3454 „le
495 3404 551 3445 tour
568 3400 597 3446 de
616 3397 771 3460 Gordoueu“,
790 3400 880 3448 Antros
897 3397 980 3446 Mela!
