2562 3996
275 379 329 436 498

296 553 310 598 1
498 527 682 594 Calvisiana

295 655 310 702 2
496 633 725 720 Agrigentum.

294 761 309 808 c
378 735 429 804 61.
479 738 582 804 Porro
612 760 652 801 ex
680 737 743 800 alia
770 745 861 821 parte
890 737 981 801 iuxta
1010 761 1105 822 prae-

293 865 310 910 4
347 841 501 928 scriptam
524 843 686 906 civitatem
701 841 897 906 Panormum
920 850 969 906 est
987 842 1102 908 civitas

294 967 308 1014 c
347 967 429 1030 quae
453 945 572 1010 dicitur

496 1048 636 1114 Herbita

497 1153 682 1218 Malistrata

496 1257 659 1322 Prachara

495 1361 668 1446 Augurion

494 1463 678 1529 Mestraton

275 1591 306 1636 11
494 1568 599 1633 Enna.

275 1697 306 1743 12
378 1667 431 1738 62.
476 1670 589 1738 Sicilia
616 1673 722 1738 insula
743 1671 806 1736 tria
828 1669 926 1736 habet
948 1695 1100 1756 promon-

275 1803 306 1847 13
343 1775 441 1858 toria,
473 1800 573 1842 unum
607 1776 695 1861 quod
723 1775 891 1858 Pelorum,
924 1783 957 1839 et
984 1777 1101 1862 aspicit

275 1907 307 1952 14
343 1881 536 1963 aquilonem,
567 1883 619 1946 cui
640 1881 796 1945 Messana
818 1879 931 1944 civitas
953 1881 1100 1965 proxima

274 2010 305 2056 15
344 1993 404 2066 est,
434 1984 612 2050 secundum
733 1982 939 2070 Syracusam,
966 1986 1099 2050 tertium

274 2113 305 2158 16
342 2085 517 2171 Lilibeum,
540 2098 573 2153 et
588 2087 738 2174 dirigitur
752 2088 786 2151 in
802 2109 962 2152 occasum.
1001 2113 1021 2153 a
1036 2090 1098 2155 Pe-

274 2217 305 2260 17
343 2191 412 2256 loro
445 2193 479 2256 in
508 2193 688 2257 Paohinum
717 2191 805 2255 milia
832 2214 986 2277 passuum
1018 2195 1096 2273 1593

273 2320 305 2366 18
344 2295 531 2360 aPachino
553 2297 587 2359 in
609 2294 773 2361 Lilibeum
798 2296 876 2378 177,
911 2295 951 2360 ab
975 2298 1097 2363 oriente

274 2424 304 2469 19
343 2401 423 2464 mari
445 2400 625 2465 Adriatico.

272 2525 304 2571 co
387 2506 581 2590 (Sequuntur
597 2505 751 2586 „Fretum
765 2512 873 2568 autem
890 2550 962 2566 ....
978 2505 1095 2572 infame

189 2649 192 2654 ·
272 2629 303 2674 21
342 2610 514 2674 monstris“
539 2631 580 2674 ca
602 2611 724 2673 Isidori
748 2611 829 2690 orip.
856 2611 898 2671 13
923 2608 991 2692 18.)

377 2772 468 2819 codices
486 2770 552 2833 bsmr
569 2778 592 2818 ct
611 2773 673 2818 Mar.
806 2769 840 2830 cf.
852 2771 911 2816 Rau.
926 2771 975 2816 404
996 2764 1065 2832 9η(

342 2881 354 2924 1
376 2877 500 2924 caluisana
511 2879 576 2924 Μαι.
632 2879 646 2922 2
661 2883 719 2934 post
730 2875 888 2936 Agrigentum
901 2877 965 2923 Mas.
979 2877 1035 2924 add.
1048 2885 1093 2924 etc.

341 2951 356 2996 3
376 2947 547 3010 proscriptas
598 2950 612 2994 8
632 2962 732 3007 pracara
750 2962 787 2991 mr
805 2948 868 2992 Μαι.
921 2950 950 2993 11
971 2963 1031 2995 esna
1049 2964 1094 2995 mr.

342 3022 373 3067 12
403 3020 483 3067 cicilia
502 3021 523 3066 b.
561 3020 571 3065 ii
605 3019 786 3078 promunctoria
805 3017 839 3078 bs.
909 3019 940 3065 13
967 3025 991 3066 et
1009 3035 1054 3066 om.
1067 3020 1092 3081 f.

340 3091 350 3138 ΙΙ
359 3091 458 3150 aspicit!
476 3093 564 3151 aspicit
576 3093 608 3137 cd
621 3089 656 3151 bf.
699 3090 729 3135 15
750 3087 902 3150 Syracusam]
916 3090 1045 3137 siracusam
1051 3090 1092 3152 sr,

339 3164 469 3222 pachinum
484 3168 527 3220 (ea
536 3161 703 3217 coniecturai)
717 3162 794 3217 Maz.,·
807 3159 917 3206 lacunam
932 3162 1093 3209 indicavimus.

341 3236 373 3280 16
401 3235 510 3293 pelorum
537 3233 572 3294 bf.
642 3235 672 3278 17
701 3232 846 3288 Pechinum]
873 3233 1019 3290 pachinnum
1048 3249 1092 3290 mr,

339 3306 452 3363 parinum
465 3303 500 3365 bs.
554 3307 585 3351 18
604 3305 720 3360 Pachinc]
739 3305 859 3363 pachinno
877 3319 921 3361 mr,
941 3305 1041 3362 paccino
1058 3303 1093 3364 bf.

339 3375 452 3422 lilibeum
471 3374 506 3434 bf,
534 3376 651 3436 lylibeum
668 3375 732 3421 Mar.
