2710 4004
327 346 381 399 450
1037 366 1122 402 ormo
1141 356 1157 402 2

350 520 360 566 1
400 505 433 560 et
464 497 608 581 ipsorum
640 497 933 562 ecclesiasticorum
970 497 1154 583 doctorum,

348 626 363 671 ι
400 622 537 683 qnorum
569 602 745 665 sententias
773 611 806 665 et
832 601 1025 667 assertiones
1054 625 1155 669 cano-

347 733 363 779 3
399 705 522 768 nizatas
554 727 613 770 nos
644 728 703 790 pro
736 727 861 768 summo
893 705 962 768 iure
994 706 1155 774 tenendas

347 837 364 883 4
401 829 579 872 censemus.
624 807 775 872 dixerunt
802 808 887 872 enirn
916 808 1013 872 etiarn
1035 812 1155 876 stoico-

348 941 363 988 ι
400 935 473 976 rum
494 912 689 997 philosophi,
717 912 825 974 omnia
846 909 907 975 sub
930 912 1001 976 celo
1022 925 1156 1000 propter

348 1045 363 1090 ι
400 1015 559 1096 homines,
581 1039 659 1101 ergo
678 1015 824 1079 homines
844 1025 977 1100 propter
996 1017 1155 1100 homines

349 1151 363 1195 ι
401 1130 438 1184 ut
460 1119 669 1184 ostenderent
691 1129 724 1182 et
740 1116 915 1202 probarent
935 1119 1081 1186 homines
1096 1123 1155 1187 ho-

348 1255 364 1299 g
401 1226 524 1289 minum
554 1244 652 1286 causa
684 1231 796 1302 natos,
828 1233 861 1284 et
892 1245 1154 1309 unumquemque

349 1359 364 1402 ι
401 1330 567 1394 hominum
595 1350 661 1390 non
690 1324 752 1389 sibi
778 1325 838 1388 soli
860 1324 919 1389 sed
941 1327 1012 1392 aliis
1034 1329 1154 1394 vivere.

332 1461 365 1506 ιο
401 1431 487 1498 unde
510 1433 608 1495 etiam
629 1431 664 1494 in
682 1428 811 1492 laudem
824 1428 992 1494 Uticensis
1008 1428 1155 1515 Catum,

333 1565 362 1610 ιι
402 1538 458 1620 qui
480 1534 569 1621 apud
583 1534 748 1598 Romanos
770 1531 901 1598 habitus
916 1543 966 1598 est
985 1536 1156 1620 sapientis-

333 1668 365 1713 ιι
402 1642 516 1722 simus,
536 1639 691 1704 Lucanus
713 1635 991 1722 historiographus
1012 1639 1060 1704 ita

333 1773 365 1817 ιι
468 1765 529 1810 nec
551 1743 613 1808 sibi
636 1741 695 1808 sed
715 1741 776 1806 toti
798 1741 944 1826 genitum
966 1761 1001 1806 se
1023 1742 1155 1810 credere

332 1876 365 1920 ιι
875 1843 1007 1910 mundo.

333 1981 365 2026 ιι,
401 1951 596 2018 Ambrosius
618 1973 695 2016 vero
716 1947 831 2012 doctor
851 1949 1001 2034 egregius
1023 1951 1057 2014 in
1070 1951 1155 2018 libro

333 2085 365 2130 ιι,
402 2057 443 2122 de
465 2056 594 2136 officiiS,
615 2054 722 2118 Marci
738 2052 838 2116 Tullii
860 2049 1025 2118 Ciceronis
1047 2063 1080 2119 et
1103 2078 1156 2120 ce-

334 2192 365 2236 ιι
402 2171 545 2225 tororum
574 2160 630 2242 qui
652 2156 693 2222 dc
716 2156 832 2220 officiis
854 2155 1011 2239 scripsere
1031 2159 1155 2225 faciens

334 2295 366 2339 ιι
402 2265 609 2343 mentionem,
631 2262 695 2326 hoc
715 2257 802 2324 idem
824 2259 950 2340 asserit,
972 2258 1084 2326 dicens
1099 2286 1155 2328 eos

335 2397 366 2442 ιι
403 2368 485 2432 haec
507 2390 527 2432 a
548 2365 665 2430 divinis
694 2363 811 2426 veteris
839 2366 1023 2428 testamenti
1044 2376 1156 2432 ancto-

333 2501 366 2545 ιο
403 2471 493 2536 ribus
508 2470 672 2549 habuisse,
686 2487 809 2552 ponens
824 2464 905 2530 illud
919 2466 1007 2548 quod
1020 2468 1156 2554 Moyses

332 2605 363 2650 ιι
402 2577 436 2640 in
468 2575 553 2640 libro
581 2571 721 2638 Genesis
754 2569 795 2634 de
826 2570 987 2636 creatione
1020 2574 1155 2640 secundi

438 2738 530 2783 codices
548 2733 621 2796 bsmr.

404 2843 572 2890 tsenoeneias
584 2846 608 2886 et
619 2838 765 2884 asserciones
776 2835 802 2896 j.
840 2837 1016 2899 3iureom.s.
1053 2841 1155 2902 tstoy-

401 2929 484 2960 corum
502 2913 552 2972 phy
569 2927 600 2956 m.
655 2911 670 2956 8
697 2922 882 2966 unumquenque
900 2924 944 2954 mr.
999 2912 1013 2955 9
1041 2917 1078 2957 set
1089 2911 1155 2971 smr.

405 2989 434 3032 ll
455 2998 568 3030 romanus
578 2981 619 3042 sr.
658 2982 689 3026 12
707 2980 831 3035 Lucanus}
843 2979 984 3026 Pharum
1001 2981 1062 3028 383.
1081 2983 1091 3028 ΙΙ
1110 2985 1156 3044 hy·

401 3055 585 3114 storiographus
601 3068 647 3109 mr,
664 3052 862 3112 ystoriographns
874 3049 900 3111 s,
922 3053 1113 3113 istoriographns
1131 3055 1154 3102 t.

405 3130 436 3174 13
455 3129 498 3174 sed
511 3125 557 3172 soli
569 3127 677 3185 genitum
689 3136 714 3168 se
726 3137 771 3178 mr,
790 3137 815 3168 se
827 3122 872 3168 soli
884 3124 992 3182 genitum
1005 3125 1047 3170 sad
1059 3130 1112 3170 toto
1131 3125 1153 3183 b,

402 3198 448 3246 soli
461 3199 569 3257 genitum
580 3202 618 3242 set
629 3201 681 3242 toto
693 3191 721 3252 s.
776 3196 808 3239 16
829 3192 1010 3254 natenius.
1066 3197 1097 3241 18
1116 3210 1155 3242 as-

402 3271 474 3326 serit}
492 3269 582 3327 asperit
599 3282 629 3312 m.
685 3266 716 3310 21
742 3266 853 3321 secundi}
872 3264 946 3311 seculi
965 3271 987 3310 et
1005 3267 1030 3310 ta
1046 3269 1155 3326 marytre

403 3340 434 3385 al.
445 3340 542 3384 secundi
553 3354 582 3394 m,
602 3338 700 3384 secundi
712 3343 734 3382 et
747 3339 769 3382 in
783 3339 889 3398 marqine
901 3336 932 3383 al.
942 3335 1016 3383 seculi
1027 3351 1050 3394 r,
1069 3343 1118 3383 seei
1131 3338 1153 3383 b.
