2580 4028
274 494 327 547 180
1027 495 1094 542 ivo
1158 557 1161 564 ,

294 667 307 710 1
379 638 410 707 h.
456 639 577 704 Iterum
597 641 690 733 iuxta
706 661 793 702 mare
809 661 961 725 magnum
977 649 1026 704 est
1040 665 1097 726 pa·

294 767 308 810 a
345 745 418 826 tria,
441 767 522 829 quae
546 742 665 807 dicitur
687 743 814 807 Tracia.
861 744 951 806 cuius
973 746 1096 829 patriae

293 872 308 916 a
344 849 473 935 plurimi
495 847 711 932 descriptores
739 846 869 910 fuerunt
897 846 1096 932 philosophi3

292 976 308 1020 4
345 977 386 1018 cx
401 950 518 1035 quibus
533 973 595 1036 ego
610 951 676 1036 legi
689 950 869 1034 praefatum
884 951 1096 1016 miserrimum

292 1075 307 1124 5
344 1055 560 1141 Porphyrium
583 1075 643 1118 nec
671 1075 736 1118 non
758 1053 931 1118 Livanium
953 1051 1097 1120 Graeco-

294 1181 308 1226 o
343 1183 416 1224 rum
448 1156 675 1244 philosophos,
709 1155 767 1221 sed
796 1167 828 1221 ct
851 1153 1034 1224 Castorium
1064 1169 1096 1224 et

293 1284 308 1327 7
343 1262 516 1328 Lolianum
539 1270 635 1343 atque
658 1259 862 1324 Arbitionem
876 1259 1096 1328 Romanorum

293 1388 308 1431 8
344 1366 563 1453 philosophos.
616 1363 673 1428 sed
706 1373 738 1428 et
772 1365 854 1430 alius
884 1364 966 1429 dixit
993 1367 1095 1448 aliter,

294 1489 308 1532 9
344 1471 427 1536 alius
447 1491 524 1534 vcro
545 1469 608 1532 alio
628 1467 734 1532 modo.
780 1491 842 1555 ego
858 1478 965 1534 autem
981 1491 1095 1534 secun-

276 1591 308 1636 10
345 1575 423 1639 dum
444 1573 624 1659 praefatum
638 1571 811 1636 Livanium
833 1573 966 1638 inferius
989 1572 1094 1640 dictas

276 1696 307 1742 11
345 1676 634 1744 civitatesTraciac
645 1676 819 1742 nominavi.
856 1677 890 1740 in
908 1677 1096 1759 quaTracia

277 1797 308 1844 12
343 1782 498 1868 plurimas
520 1779 619 1844 fuisse
634 1779 782 1844 civitates
797 1780 946 1866 legimus,
969 1804 1009 1844 ex
1025 1784 1096 1864 qui-

277 1901 308 1946 13
344 1885 406 1950 bus
429 1885 609 1968 aliquantas
626 1881 795 1970 designare
811 1885 971 1966 volumus,
994 1884 1029 1950 id
1047 1897 1096 1952 est
1145 1905 1147 1910 ·

276 2006 308 2049 14
344 1991 431 2054 circa
453 1989 529 2054 litus
552 1988 649 2052 maris

276 2108 306 2154 15
495 2089 792 2175 Constantinopolis
816 2091 1015 2158 nobilissima

276 2213 307 2256 16
494 2193 596 2280 Sycas

276 2315 307 2358 17
494 2297 630 2362 Thimea

343 2557 466 2604 Iordanes.
498 2555 530 2617 cs.
550 2556 648 2603 Marisia
666 2559 680 2604 1
686 2559 705 2603 V
721 2559 762 2616 11,
786 2559 900 2619 siquidem
922 2567 957 2606 est
975 2561 1035 2607 idem
1046 2562 1095 2622 fla-

343 2632 401 2675 vias.
430 2629 439 2674 ΙΙ
462 2635 518 2687 post
536 2628 652 2674 Mariscus
670 2630 692 2674 Β
712 2630 767 2675 add.
787 2631 839 2687 XV,
861 2629 951 2677 caud.
972 2633 1001 2678 dc
1020 2635 1095 2679 tracia

254 2738 257 2746 .
344 2701 413 2746 iuxta
430 2713 495 2746 marc
512 2713 627 2758 maguum
645 2701 732 2760 posita.
788 2702 801 2746 2
821 2703 894 2748 tratia
905 2701 973 2760 ΑΒΘ,
993 2703 1096 2750 Thracia

344 2771 409 2818 aditi.
482 2771 495 2816 ὖ
527 2771 677 2829 porphirium
704 2771 773 2818 Aac.
811 2772 820 2816 li
872 2773 1002 2820 Libanium
1029 2776 1093 2821 editi.

345 2843 402 2888 6-8
422 2842 464 2888 scd
482 2847 507 2887 ct
519 2873 553 2882 -
565 2841 724 2902 philosophos
742 2857 786 2889 om.
809 2842 930 2890 CPorci.
999 2847 1030 2890 10
1053 2846 1094 2891 Li-

344 2913 443 2959 banium
456 2912 521 2958 editi.
547 2913 557 2958 ΙΙ
583 2913 660 2959 dictas
672 2915 770 2961 inferius
789 2913 812 2960 C.
840 2915 850 2959 Η
876 2916 1094 2962 dicticiuitat'cA.

346 2986 375 3030 ll
403 2985 473 3030 tratie
491 2984 525 3040 B,
551 2985 635 3030 strati}
653 2986 686 3042 A,
714 2987 830 3032 Thraciae
848 2986 912 3032 aditi.
941 2987 950 3031 ΙΙ
975 2989 1048 3033 tratia
1066 2991 1093 3042 A,

343 3055 447 3101 Thracia
465 3054 529 3100 editt.
593 3056 623 3100 12
653 3057 762 3104 civitates
780 3058 854 3104 fuisse
874 3056 898 3104 G.
959 3059 991 3102 14
1019 3060 1093 3114 circa}

344 3128 404 3172 citra
422 3127 451 3172 B.
480 3127 489 3170 ΙΙ
515 3125 584 3172 litore
603 3128 632 3182 B,
660 3127 732 3174 litora
752 3127 770 3174 Ο
787 3129 851 3173 editi.
908 3131 938 3174 lh
964 3131 1095 3174 constanti·

343 3196 450 3254 nopolinr
461 3200 489 3252 A,
508 3197 712 3257 constantinopoli
721 3199 751 3244 B.
814 3200 843 3243 16
864 3197 939 3258 Sycas
951 3201 1021 3244 ctiam
1030 3201 1093 3257 Tab,

345 3267 426 3313 Sciens
443 3268 464 3312 V
479 3269 521 3322 12,
542 3271 648 3323 ,,Σνκαι’
663 3267 905 3326 Constantinopolcos
918 3273 989 3316 tertia
1002 3272 1095 3316 decima

344 3339 426 3397 regio“
451 3339 538 3385 Porcii.
614 3342 644 3385 17
674 3339 775 3386 Thimea
798 3341 867 3384 eriam
890 3341 953 3398 Tala,
981 3342 1046 3388 tinea
1064 3343 1093 3397 B,

343 3409 427 3454 Timeo
453 3409 520 3466 editi,
557 3411 639 3456 Fimcn
667 3410 687 3454 V
707 3410 753 3466 12,
786 3404 932 3464 Φινὸπολις
960 3412 1048 3458 Strabo
1072 3419 1094 3456 et

343 3479 403 3526 altit
