2710 4004
361 357 417 414 wi
1112 364 1187 412 Vl}

383 529 397 574 1
432 510 591 574 montium
616 521 674 574 ont
701 534 724 574 u
750 509 918 595 praedicto
939 507 1075 576 Oeeuuo
1102 509 1183 575 dils-

381 632 397 678 2
432 613 568 678 tissimo.
612 613 672 679 sed
699 613 788 698 quod
817 615 1057 698 multiloquium
1076 614 1184 679 mitto-

382 737 398 782 ι
433 739 506 783 mus
526 719 776 783 aestimaviuus.

380 840 396 885 4
455 819 509 888 16.
552 819 982 903 Quodsimiuimenostrne
995 822 1182 907 fragilitatis

380 942 396 988 5
431 925 548 990 fefellit
560 948 664 1007 meus,
683 926 769 990 mont
783 947 844 989 nos
857 925 1121 1010 philowphorum
1134 926 1184 989 in·

382 1050 397 1095 ⁶
433 1031 552 1095 struxit
566 1029 703 1110 astucia,
716 1039 774 1092 out
788 1039 825 1093 ut
839 1030 1108 1114 superscriptum
1121 1038 1183 1110 est,

382 1155 397 1200 7
433 1132 511 1198 dum
532 1142 761 1198 transmetatoe
782 1143 860 1198 sunt
879 1133 1037 1218 plurimae
1057 1145 1183 1219 gentes,

382 1258 398 1303 s
433 1248 471 1301 ut
491 1235 649 1301 burburus
663 1259 734 1301 mos
748 1247 808 1318 est,
830 1237 967 1301 forsitan
980 1235 1078 1301 modo
1091 1236 1184 1300 aliter

382 1361 397 1406 ⁹
433 1340 646 1426 appellantur.
690 1363 766 1404 nam
780 1363 892 1404 omnes
905 1341 1048 1425 prolatus
1061 1344 1182 1426 potr-ius

365 1463 397 1510 ιο
433 1442 558 1526 mundi,
579 1440 711 1508 Christo
731 1443 826 1508 nobis
847 1443 1112 1529 philosophorum
1126 1443 1183 1508 od·

365 1570 393 1612 11
434 1550 565 1614 iuvante
592 1547 785 1629 munimine,
813 1547 946 1614 ulterius
974 1571 1015 1612 ex
1040 1547 1185 1631 quolibet

365 1670 397 1717 12
432 1653 533 1717 lutere
549 1673 704 1717 conexam
717 1650 968 1737 designavimus.
1006 1661 1039 1715 et
1047 1652 1185 1717 fortusse

366 1773 398 1818 lt
434 1756 530 1822 oliam
551 1755 763 1820 intentionem
785 1755 945 1839 quispiam
971 1756 1184 1840 proposuerit,

367 1878 398 1924 ιι
434 1859 586 1926 adserens
609 1857 769 1943 quomodo
784 1858 935 1941 aequales
951 1859 1114 1942 portiones
1129 1881 1184 1924 ue-

366 1985 397 2030 rt
435 1973 591 2050 oeperunt
616 1963 676 2027 filii
696 1962 789 2043 Noe,
818 1983 892 2026 oum
919 1961 1044 2026 dictum
1071 1964 1115 2028 sit
1141 1961 1184 2028 ad

366 2087 397 2132 ro
433 2090 586 2133 oceasum
617 2067 715 2130 finem
749 2065 868 2130 habere
896 2066 1011 2130 Asiam
1037 2067 1184 2152 superins

366 2188 398 2235 ιτ
434 2170 555 2236 dietam
582 2170 789 2255 Aethiopiam
816 2168 1096 2256 Trogloditorum‚
1127 2169 1184 2235 ubi

366 2293 398 2338 ιε
434 2274 612 2342 seeundum
625 2273 803 2359 praefatam
816 2275 1077 2358 supputationem
1089 2275 1186 2339 tertia

366 2395 397 2441 ιι
433 2379 514 2445 horo
535 2378 600 2444 diei
622 2401 719 2464 super
740 2375 997 2463 designationem
1019 2378 1111 2461 quasi
1127 2377 1184 2442 ad-

436 2572 448 2616 1
469 2573 521 2627 unt}
540 2568 579 2616 vel
597 2568 620 2614 B
638 2568 704 2616 editi.
758 2568 773 2613 2
792 2567 996 2626 immittamus,
1018 2568 1124 2614 uitumus
1134 2567 1182 2616 At.

434 2641 652 2690 Bexstimonimus
673 2640 703 2696 A,
730 2639 900 2691 extimuimus
919 2637 943 2684 C.
1015 2639 1029 2685 5
1058 2638 1135 2686 sefelit
1152 2640 1182 2685 B.

432 2711 512 2767 llnosl
530 2712 602 2759 nobis
619 2708 669 2757 Bo,
750 2710 764 2755 6
793 2715 836 2755 uut
852 2723 898 2754 om.
916 2708 982 2755 editi.
1009 2709 1019 2754 ΙΙ
1044 2715 1072 2755 ut
1089 2724 1135 2756 om.
1152 2711 1182 2757 B.

433 2782 493 2831 llest
510 2796 554 2828 om.
570 2781 594 2830 0.
650 2783 827 2828 ttrsnsmeote
848 2778 872 2826 0.
928 2779 1126 2839 tappellunturl
1145 2780 1183 2827 tte

433 2854 568 2901 intermittit
586 2852 614 2899 G.
650 2851 660 2899 ΙΙ
698 2857 757 2910 port
778 2848 1094 2915 pernumeratum,
1120 2851 1184 2897 Roth

434 2928 532 2972 coniecit
549 2925 632 2971 totius.
689 2924 719 2968 11
748 2923 886 2978 munimine]
906 2935 1002 2967 mmune
1014 2924 1043 2978 Δ,
1062 2927 1143 2968 imune
1152 2923 1182 2978 Β,

433 2994 538 3043 Numine
555 2995 619 3042 editt.
646 2993 656 3040 ll
682 2993 791 3050 alterius]
811 2993 880 3040 alteri
899 2992 949 3037 314
970 2993 1011 3037 10.
1039 2991 1050 3038 ll
1075 2993 1185 3050 qualibet

433 3067 478 3115 AB
496 3068 560 3113 editt.
616 3067 646 3112 12
671 3078 804 3111 connexum
826 3063 925 3110 Gedru.
985 3065 1016 3109 13
1040 3062 1089 3109 ulio
1106 3064 1185 3111 inten-

433 3137 500 3186 tlone
508 3136 556 3184 Ac.
575 3136 586 3183 ΙΙ
602 3137 721 3196 quispiam
730 3135 890 3194 proposuerit]
900 3136 1052 3192 proposuerit
1060 3133 1148 3192 uliquis
1160 3133 1183 3181 C.

436 3210 468 3256 14
487 3215 593 3256 etserens
604 3207 696 3254 Oeditt.
735 3207 766 3252 16
786 3206 885 3252 haberet
894 3207 946 3251 usiu
955 3205 977 3250 B
988 3205 1052 3251 editt.
1092 3207 1122 3250 17
1142 3206 1185 3252 tri-

433 3279 580 3340 gloditorum
598 3279 630 3335 A,
657 3277 819 3338 trigliotorum
838 3277 868 3334 B,
896 3275 1100 3336 Troglodytorum
1119 3277 1183 3323 editi.

435 3351 466 3399 10
494 3350 569 3398 tercia
588 3347 612 3396 0.
