2872 4210
652 397 801 433 enarrarre.
1097 397 1139 441 vn

320 541 349 602 B
393 539 496 604 codex
518 539 695 622 Parisinus,
718 539 932 607 bibliothecae
947 544 1024 629 imp.
1040 544 1139 628 4794,

387 651 509 715 saeculi
531 671 582 715 xm
609 651 661 715 vel
689 671 753 734 xlv,
782 653 1064 738 membranaceus,
1090 657 1140 721 fo-

387 763 440 828 liis
467 763 541 828 latis
569 763 702 849 pollices
731 763 836 829 Rhen.
866 769 886 832 7
916 775 949 830 et
976 767 1077 832 lineas
1109 769 1139 850 6,

389 875 462 940 altis
484 875 617 960 pollices
636 876 691 954 113
715 877 853 962 paginae
869 887 945 942 sunt
959 876 1140 964 bipertitae,

389 1009 539 1052 versuum
550 988 610 1066 383
628 988 848 1054 columnarum
859 989 997 1055 latitudo
1010 999 1060 1056 est
1070 991 1140 1077 pol·

390 1100 489 1164 licum
506 1102 526 1166 2
544 1107 577 1164 et
588 1099 745 1164 linearum
758 1099 789 1182 6,
806 1100 942 1166 altitudo
953 1103 1140 1188 pollicum&

390 1220 422 1276 et
443 1212 600 1276 linearum
623 1213 653 1278 2.
699 1210 804 1276 codex
826 1211 989 1300 eleganter
1011 1215 1141 1300 quidem

390 1325 530 1408 scriptus
553 1322 611 1388 sed
630 1323 828 1408 compendiis
843 1325 1021 1391 litterarum
1035 1327 1141 1392 minus

388 1435 578 1521 perspicuis,
605 1436 723 1521 quippe
745 1457 811 1500 non
833 1435 895 1501 sibi
919 1437 1140 1504 constantibus

390 1547 536 1612 refertus.
589 1571 662 1612 eum
689 1546 824 1629 librum,
854 1570 949 1632 quem
977 1549 1141 1616 Porchero

390 1659 476 1745 typis
487 1660 662 1744 expressit,
677 1669 714 1724 ut
728 1659 916 1724 Berolinum
930 1661 1065 1727 missum
1079 1663 1142 1748 ipsi

389 1769 494 1835 denuo
518 1780 668 1836 excutere
682 1793 850 1856 possemus
868 1769 1029 1858 Georgius
1045 1773 1141 1838 Pertz

389 1881 543 1947 benevole
566 1882 683 1948 effecit.

326 1995 354 2058 C
393 1993 496 2059 codex
522 1993 713 2060 Basiliensis
741 1993 781 2059 F.
805 1993 847 2058 V.
874 1997 906 2077 6,
941 1993 1141 2078 chartaceus

389 2107 510 2171 sacculi
524 2125 574 2170 xlv
590 2115 622 2172 et
635 2125 684 2170 xv.
724 2115 851 2170 constat
867 2105 952 2171 foliis
971 2105 1045 2188 137,
1067 2106 1141 2171 latis

388 2218 523 2303 pollices
546 2217 652 2284 Rhen.
676 2221 697 2286 7
720 2226 753 2282 et
775 2217 876 2283 lineas
902 2217 953 2300 10,
977 2218 1050 2284 altis
1072 2219 1142 2304 pol·

388 2330 467 2394 lices
493 2331 535 2398 10
558 2339 590 2394 et
611 2331 714 2396 lineas
736 2330 768 2399 8.

430 2442 471 2507 In
492 2443 597 2528 primo
620 2443 699 2508 folio
722 2441 841 2528 legitur
866 2441 1031 2524 „Titulus,
1054 2441 1142 2506 Tulii

388 2555 497 2639 plures
520 2554 594 2619 libri
610 2559 684 2619 cum
700 2554 782 2636 aliis,
805 2563 935 2618 notatus
952 2571 1051 2618 cnxnr.
1085 2553 1143 2617 Li-

94 2755 97 2760 ·
389 2665 447 2730 ber
463 2665 577 2732 domus
588 2666 693 2732 Vallis
709 2666 803 2731 beate
818 2666 1004 2751 Margaretc
1019 2661 1142 2730 ordinis

389 2773 655 2843 Oartusianorum
682 2779 716 2842 in
744 2778 874 2843 Basilea
902 2777 1018 2840 minori
1047 2775 1142 2843 datus

118 2792 124 3079 ι
390 2887 494 2954 eidem
509 2913 568 2976 per
582 2887 774 2954 venerabilis
784 2887 936 2952 memorie
947 2887 1144 2976 Magistrum

388 3001 570 3066 Henricum
591 3001 724 3066 Amiot“
750 3001 816 3085 (vel
839 3000 964 3085 Amici)
994 3001 1047 3083 „in
1070 3002 1144 3068 Me-

119 3092 122 3104 *
388 3113 504 3180 dicinis
526 3114 705 3179 Ductorem
728 3117 812 3177 etc.“

119 3105 127 3443 s
369 3223 523 3290 Continet
551 3227 686 3314 triginta
712 3225 777 3289 duo
804 3233 962 3290 tractatus
990 3225 1071 3289 varii
1093 3246 1144 3287 ar-

322 3337 481 3424 gumenti,
496 3339 592 3404 variis
607 3335 818 3423 temporibus,
842 3335 969 3404 diversa
983 3337 1016 3400 in
1032 3336 1144 3400 charta
