2872 4210
598 421 749 456 rasuramo.
1052 418 1085 460 lx

239 565 371 647 „Eine
394 561 454 630 HS
485 561 541 628 des
566 563 781 651 Geographus
805 563 977 628 Ravennae
1001 565 1084 628 nach

238 676 304 741 H.
330 675 539 763 Herrberger
566 675 635 740 und
657 676 759 741 Zeuss
787 675 991 740 verktuflich
1020 699 1085 741 von

240 787 379 854 Seiten
394 789 481 853 eines
498 785 621 853 Grafen
634 787 735 874 Luigi
749 787 790 852 de
805 787 942 874 Angelis
957 788 992 851 in
1006 787 1086 852 Fer-

245 924 338 965 rara
353 901 456 987 (Aug.
467 900 601 986 1838)“.
639 899 698 964 sed
719 922 824 984 neque
840 899 935 964 huius
951 899 1086 964 notitiae

251 1011 454 1078 auctoribus
476 1013 694 1099 interrogatis,
717 1033 821 1095 neque
836 1011 952 1076 litteris
969 1010 1086 1076 dehac

253 1147 295 1188 re
319 1124 505 1190 Ferrariam
527 1125 634 1190 missis
657 1123 835 1208 quidquam
856 1123 1063 1208 profecimus.

307 1237 430 1302 Paucis
452 1235 624 1302 dicendum
651 1245 700 1300 est
729 1235 769 1300 de
799 1233 910 1299 codice
931 1235 1086 1300 Leidensi

259 1348 306 1413 ab
330 1347 518 1413 Abrahamo
534 1346 700 1414 Gronovio
722 1371 806 1413 anno
833 1349 917 1416 1722
939 1347 973 1412 in
996 1347 1086 1412 auxi-

259 1462 347 1525 lium
361 1469 488 1525 vocato.
530 1460 625 1525 huius
649 1459 770 1525 codicis
785 1457 978 1545 inspiciendi
993 1459 1087 1544 copia

261 1573 362 1637 nobis
389 1571 477 1636 facta
510 1581 559 1637 est
590 1571 791 1664 benignitate
818 1569 953 1660 Georgii
978 1571 1085 1636 Pertz.

262 1685 442 1770 inscriptus
473 1693 522 1749 est
552 1683 623 1766 ,Ex
645 1684 848 1750 Bibliotheca
869 1683 942 1750 Viri
963 1682 1085 1748 Illustr.

264 1796 374 1862 Isaaoi
388 1795 500 1861 Vossii
522 1795 619 1862 2085<
644 1805 694 1860 est
717 1797 915 1878 chartaceus,
937 1795 1087 1860 foliorum

268 1909 323 1991 76,
345 1931 365 1972 a
388 1907 511 1973 recenti
533 1929 631 1972 manu
653 1909 781 1974 saeculo
803 1929 862 1973 xvu
885 1909 963 1974 satis
985 1905 1087 1972 nitide

270 2021 482 2105 conscriptus.
540 2042 634 2104 quem
669 2041 742 2084 cum
769 2021 909 2106 primum
937 2029 1087 2084 excutere

268 2133 458 2217 incepimus,
479 2131 625 2196 nonnihil
646 2133 811 2217 proprium
834 2132 864 2196 ei
885 2133 991 2197 inesse
1013 2153 1088 2196 cen-

270 2245 408 2325 suimus,
436 2242 631 2329 procedente
660 2253 768 2308 autem
795 2244 905 2309 labore
935 2244 1088 2331 cognovi-

271 2378 341 2420 mus
364 2379 438 2420 eum
461 2354 582 2420 codicis
598 2357 626 2418 B
640 2377 711 2421 csse
734 2357 966 2444 apographum.
1001 2353 1089 2439 quod

273 2489 345 2532 cum
366 2468 476 2532 multis
499 2468 580 2533 locis
603 2469 730 2534 auctius
752 2479 838 2534 esset
853 2468 993 2534 editione
1007 2467 1089 2531 Por-

274 2580 472 2662 cheroniana,
494 2602 560 2644 non
581 2581 697 2644 mirum
720 2589 770 2646 est
791 2579 992 2647 Gronovium
1014 2577 1088 2644 ideo

275 2693 306 2756 in
334 2714 473 2758 errorem
500 2690 686 2774 inductum,
720 2692 865 2758 codicem
892 2717 912 2758 a
940 2691 1088 2756 Parisino

275 2803 432 2868 diversum
453 2813 594 2869 tractare
617 2803 680 2868 sibi
700 2805 805 2870 visum
828 2827 909 2869 esse.
954 2805 1088 2868 lacunae

276 2916 353 2980 enim
367 2917 402 2980 in
416 2915 632 2982 Porcheronis
647 2914 786 2982 editione
800 2916 914 2981 obviae
927 2917 961 2980 in
978 2915 1089 2981 codice

277 3027 415 3094 Parisino
431 3050 497 3094 non
512 3037 634 3110 extant,
649 3028 707 3094 sed
721 3029 863 3094 incuriae
873 3029 1088 3094 Porcheronis

277 3139 475 3226 imputandae
498 3149 588 3219 sunt3
612 3161 694 3224 quae
716 3149 824 3205 autem
845 3141 879 3205 in
900 3141 1012 3206 codice
1026 3140 1090 3206 Pa-

279 3251 368 3331 risino
390 3276 425 3316 re
448 3275 525 3318 vera
546 3253 747 3335 omittuntur,
771 3275 810 3317 ea
831 3254 939 3319 omnia
960 3254 994 3318 in
1014 3252 1090 3317 Lei·

281 3363 364 3430 densi
386 3387 513 3450 quoque
536 3364 722 3454 apographo
742 3364 869 3449 desunt,
889 3391 921 3432 v.
935 3389 967 3454 g.
983 3365 1089 3452 put?
