2562 3996
171 405 252 440 ovmo
276 393 325 439 125
723 407 724 410 ’
945 393 995 446 551

192 560 203 604 1
244 537 382 602 sioribus
405 537 530 602 scilicet
552 538 608 621 qui
635 538 797 624 pertinent
820 562 860 602 ex
881 541 997 606 monti-

190 662 204 708 a
243 641 304 705 bus
329 638 456 726 Caspiis
487 649 520 704 et
543 638 732 720 Caucaseis3
763 643 819 726 qui
845 642 997 708 videlicet

189 767 204 812 s
242 742 359 808 fluvius
375 744 495 808 Tanais
518 745 552 808 in
570 744 727 810 Meotidis
742 745 915 831 paludibus
939 763 997 812 sua

188 871 205 916 4
242 845 375 932 deponit
402 846 533 912 fluenta.
578 848 620 913 ad
648 857 772 934 partem
800 873 876 914 vero
902 851 997 915 meri-

190 972 203 1018 t
242 948 370 1016 dianam
385 951 483 1016 habet
496 951 593 1016 finem
608 976 695 1017 mare
709 953 861 1035 Pontum,
882 953 917 1016 in
932 975 996 1038 quo

190 1077 204 1122 o
242 1054 459 1140 praescriptae
474 1051 641 1121 Meotidas
652 1055 787 1142 paludes
798 1055 948 1139 influunt,
964 1067 997 1122 et

190 1181 205 1226 r
242 1167 416 1245 angustum
438 1157 525 1242 quod
540 1158 581 1223 de
595 1159 701 1226 Ponto
716 1161 750 1224 in
766 1159 997 1245 Propontidem

190 1284 204 1330 8
241 1261 333 1328 iuxta
346 1262 459 1328 urbem
475 1259 789 1351 Constantinopolim
806 1262 996 1350 ingreditur,

190 1388 204 1434 9
242 1364 330 1448 quod
345 1366 468 1432 scilicet
482 1367 516 1430 in
530 1368 682 1456 pelagum
696 1368 900 1433 Adriaticum
914 1391 997 1432 mer-

174 1493 206 1539 10
242 1469 291 1555 git
312 1469 367 1552 qni
386 1471 563 1554 antiquitus
578 1471 708 1538 Ionicus
729 1472 858 1553 dicitur,
880 1470 996 1537 deinde

174 1595 204 1640 11
243 1593 369 1655 quoque
386 1574 491 1637 sinum
502 1573 615 1638 Italiae
627 1577 862 1661 Tyrrhenicum
874 1584 906 1640 et
918 1573 997 1640 Gal-

174 1697 205 1744 ra
241 1674 350 1756 licum,
373 1677 653 1742 sinumValeriaoo
667 1679 846 1764 Hispaniae
864 1679 996 1744 fretum·

175 1802 205 1846 ra
243 1800 305 1860 que
320 1776 530 1843 Gaditanum.
568 1781 623 1862 qui
643 1781 795 1846 videlicet
809 1782 882 1846 finis
900 1783 996 1846 etiam

175 1905 207 1949 14
242 1881 475 1946 occidentalem
496 1883 626 1968 plagam
648 1885 682 1948 in
705 1907 740 1950 se
763 1885 995 1970 complectitur.

175 2012 206 2058 15
274 1985 348 2054 125.
394 1984 668 2071 Septentrionales
691 1988 841 2073 Europae
868 1989 997 2054 termini

175 2111 206 2161 16
243 2100 319 2156 sunt
341 2088 493 2156 Oceanus
517 2091 572 2174 qui
594 2093 700 2178 tangit
715 2090 883 2178 Scythiam
905 2093 996 2158 here·

174 2220 206 2264 17
242 2219 375 2262 mosam.
420 2196 454 2260 in
469 2195 580 2281 primis
599 2193 734 2282 Scythia
749 2199 880 2282 quaein
895 2198 997 2264 omni·

174 2325 206 2370 ra
242 2301 304 2366 bus
319 2301 487 2365 heremosa
508 2301 627 2366 existit.
672 2302 803 2387 ponitur
817 2311 924 2366 autem
939 2325 997 2387 per

175 2429 206 2473 19
243 2429 300 2470 ora
332 2405 435 2470 litoris
465 2402 589 2470 Oceani
619 2407 878 2490 septentrionalis
906 2407 997 2470 iuxta

173 2532 205 2577 ao
243 2518 368 2575 montes
391 2509 546 2595 Ripheos.
597 2531 678 2592 quae
708 2511 804 2574 etiam
833 2510 928 2596 longe
950 2509 996 2574 la-

279 2789 370 2836 codtces
389 2787 437 2848 bfc.
493 2786 526 2850 cf.
538 2789 599 2834 Rau.
612 2787 664 2832 323
684 2791 716 2834 10
729 2803 764 2850 sq.
784 2797 807 2836 at
825 2791 959 2850 168'1sq.

245 2885 259 2928 3
287 2883 383 2930 thanais
406 2897 427 2928 v.
482 2884 491 2930 tl
535 2884 620 2930 meotis
642 2897 665 2928 c.
746 2886 759 2930 7
788 2885 932 2943 propontide
959 2883 994 2945 bf.

246 2955 259 3000 9
287 2954 448 3000 hadriaticum
466 2969 488 3000 v.
553 2955 585 3000 10
613 2955 704 3000 ionium
727 2969 748 3000 c.
818 2957 848 3001 11
877 2954 952 3014 ytalie
968 2953 995 3015 s.

244 3025 253 3070 ii
266 3029 376 3084 tyrenum
397 3022 423 3084 s,
451 3030 573 3084 tyrranum
601 3025 623 3070 b.
726 3025 758 3070 12
791 3024 931 3072 valeriatico
959 3024 995 3086 bf.

243 3097 253 3142 ΙΙ
266 3096 383 3155 hyspanie
396 3094 423 3156 f.
450 3096 460 3141 ΙΙ
485 3097 572 3142 fretum
590 3111 611 3142 c.
669 3097 699 3142 13
720 3096 773 3154 qui]
794 3109 888 3154 quaec,
908 3110 953 3155 que
973 3097 995 3142 b.

246 3167 276 3212 15
306 3166 493 3226 septentrionale
521 3165 556 3228 bs.
639 3168 671 3212 16
699 3179 815 3212 occeanus
834 3165 869 3228 tf.
906 3168 916 3214 t
950 3169 996 3213 sci-

244 3238 320 3284 thiam
333 3236 359 3298 s,
388 3239 512 3284 scientiam
538 3237 560 3283 b.
625 3239 656 3286 17
686 3238 773 3284 scithia
796 3235 831 3298 bf.
897 3239 927 3286 19
955 3238 996 3285 lit-

244 3310 303 3355 toris
321 3324 343 3353 v.
381 3309 390 3354 il
425 3309 522 3355 occeani
542 3307 577 3370 tf.
650 3309 682 3354 ‘20
710 3309 831 3370 rhypheos
849 3309 871 3356 b.
