2578 4008
301 334 354 388 ἓ

319 505 336 1272 ωηΦσὶ-βωδθμ

320 1331 334 1375 9

303 1437 334 1482 10

522 481 600 549 Suel

519 586 697 652 Bardesola

520 689 619 781 Saldo

520 795 708 860 Bamaliana

521 896 666 964 Cartetia

522 1001 689 1068 Traducta

521 1103 668 1170 Oetraria

520 1209 660 1274 Molaria

519 1313 652 1378 Belone.

413 1414 481 1480 Hio
499 1416 661 1482 invenitur
680 1417 798 1482 fretum
818 1415 907 1500 quod
934 1417 1121 1482 multotiens

303 1542 334 1587 11
370 1519 622 1602 nominavimus,
651 1520 739 1605 quod
761 1511 879 1586 dicitur
899 1517 1124 1607 Septemgadi-

303 1644 334 1690 12
370 1629 500 1706 tanum,
533 1623 621 1708 quod
654 1623 770 1690 dividit
797 1625 881 1690 inter
909 1621 1062 1710 Spaniam
1091 1633 1124 1688 et

303 1749 335 1796 1a
371 1727 564 1794 maritimam
588 1729 829 1796 Mauritaniam.
886 1727 974 1812 quod
1006 1727 1123 1792 fretum

303 1851 336 1900 14

304 1953 335 2002 15

303 2059 336 2104 16

303 2159 335 2206 17

372 1829 482 1896 exiens
505 1831 546 1897 de
568 1833 649 1898 mari
670 1855 788 1919 magno
810 1829 938 1898 Gallim
952 1831 1123 1898 Valeriano

371 1935 517 2021 vergitur
542 1936 576 2002 in
599 1933 768 2002 Oceanum
796 1934 1029 2000 occidentalem
1048 1935 1122 2000 Bri-

372 2038 548 2104 tannicum.
594 2039 682 2124 quod
702 2039 888 2105 multotiens
917 2038 1039 2104 dietum
1060 2039 1123 2104 fre·

372 2149 442 2206 tum
470 2143 630 2210 transiens
659 2143 755 2208 homo
786 2143 872 2208 eirea
898 2143 994 2208 litora
1026 2142 1122 2208 maris

376 2404 387 2447 1
413 2400 471 2448 Suel
488 2404 559 2448 etiam
577 2401 629 2448 305
650 2404 672 2460 7,
699 2401 764 2448 aurel
780 2403 811 2449 B.
869 2404 884 2449 2
908 2403 1041 2450 Barbesula
1059 2403 1123 2462 aditi,

373 2469 490 2520 Sabesola
501 2473 553 2520 305
566 2473 590 2533 8,
604 2472 726 2521 sabasaola
735 2473 774 2520 vel
783 2472 910 2521 bardeaola
920 2473 948 2520 G.
985 2476 1000 2522 3
1019 2474 1088 2522 salda
1099 2473 1123 2532 0,

373 2541 467 2590 Saltum
480 2544 531 2591 305
551 2545 575 2592 9.
613 2546 628 2592 4
655 2544 798 2592 Bamaliana
810 2546 880 2592 etiam
889 2544 940 2592 305
958 2545 1001 2592 10.
1039 2545 1125 2592 tear-

373 2615 436 2662 tecia
450 2613 473 2672 0,
493 2615 606 2677 Cartagia
624 2617 689 2672 editi,
709 2614 886 2676 Gartegia305
906 2616 949 2673 11,
970 2617 1077 2675 garteeia
1096 2615 1123 2662 G.

373 2686 388 2731 6
417 2685 818 2734 Transduotaeditiat30512.
885 2689 899 2734 7
928 2685 1037 2734 Oatraria
1054 2689 1125 2733 etiam

372 2755 486 2803 30513.
559 2749 923 2806 8Melariaetiam30514.
991 2758 1125 2805 9Belona

372 2827 443 2874 etiam
452 2827 504 2874 305
523 2829 570 2887 15,-
582 2829 688 2878 Baalone
698 2829 761 2885 editi,
774 2827 864 2876 belona
874 2827 901 2874 G.
939 2829 971 2876 10
988 2829 1064 2874 fretas
1073 2829 1124 2874 AB.

372 2897 382 2946 ΙΙ
394 2898 537 2947 multociens
566 2899 590 2960 O,
627 2899 751 2946 multoties
778 2899 843 2944 editi.
917 2900 947 2946 11
976 2904 1067 2958 septem
1096 2899 1124 2957 G,
1194 2918 1197 2924 ·

372 2975 440 3030 septe
457 2971 509 3028 AB,
538 2971 611 3030 Septa
631 2969 803 3028 [Gaditanum]
822 2970 886 3016 aditi.
942 2971 974 3016 12
998 2971 1084 3028 spania
1094 2970 1123 3026 A,

371 3042 499 3100 yspaniam
517 3043 540 3088 B
558 3043 622 3088 aditi.
651 3042 661 3088 ΙΙ
687 3046 711 3088 at
729 3055 774 3086 om.
792 3039 840 3088 Ao.
892 3042 923 3088 13
950 3041 1072 3088 maritima
1094 3043 1124 3099 A,

372 3113 525 3159 maritaniam
546 3113 626 3174 (corr.
644 3110 804 3170 maritimam)
825 3109 849 3158 G.
886 3111 895 3158 ΙΙ
929 3111 1075 3158 mauritania
1096 3112 1124 3157 A.

374 3183 406 3228 14
425 3183 556 3230 Valeraaco
575 3183 640 3230 editi.
691 3182 722 3229 15
741 3183 821 3242 vergit
838 3182 902 3229 editi.
919 3182 929 3228 ΙΙ
950 3195 1080 3228 occeanum
1095 3183 1124 3228 B.

372 3253 382 3298 ti
395 3253 542 3300 britanicum
560 3252 610 3300 BG.
666 3255 698 3300 16
717 3252 860 3302 multociens
875 3252 900 3310 G,
918 3252 1042 3300 multoties
1060 3253 1124 3300 aditi.

375 3324 406 3368 17
435 3323 521 3371 littora
538 3323 568 3368 B.
