2586 3990
168 351 215 399 la
972 351 988 404 t

189 503 220 563 1'
239 501 400 577 comosa,
421 496 497 562 litus
514 492 638 560 Oceani
652 497 919 580 spatiosissimum
934 495 988 562 de-

187 623 203 667 a
240 609 361 665 sertum
375 599 483 664 habet.
528 599 562 662 in
577 620 641 681 qua
654 600 759 683 patria
774 609 849 664 sunt
863 609 988 686 montes

187 727 203 771 a
240 705 295 788 qui
323 702 474 768 dicuntur
502 701 676 766 Tuliatodi.
727 704 761 767 in
795 725 859 786 qua
886 697 990 788 patria

188 831 204 874 4
239 807 316 872 litus
332 803 457 871 Oceani
478 806 556 870 item
570 805 687 870 fluvius
704 804 772 871 Ger
785 806 989 872 turbulentus

188 931 203 977 a
241 911 350 974 currit.
402 909 493 974 ouius
525 907 707 974 Biboblatis
741 910 990 995 spatiosissime

188 1039 204 1083 a
240 1013 363 1098 patriae
378 1011 421 1077 ad
435 1012 584 1094 frontem,
607 1013 771 1078 immensis
793 1036 869 1100 prae
884 1011 990 1078 medio

189 1143 203 1187 r
241 1117 370 1201 spatiis,
403 1125 440 1180 ut
468 1115 612 1180 dicamus
640 1116 718 1180 litus
745 1118 842 1181 maris
870 1116 991 1202 magni,

189 1244 204 1289 a
240 1228 310 1284 tota
331 1220 488 1283 Africana
509 1220 640 1305 ponitur
667 1221 757 1306 regio
781 1230 814 1285 et
835 1218 992 1286 Numidia

190 1347 203 1390 a
241 1332 337 1406 atque
360 1323 557 1387 Mauritania
580 1319 807 1388 Caesariensis.

173 1450 204 1494 10
285 1423 430 1510 Septima
451 1434 488 1489 ut
510 1426 590 1490 hora
604 1426 668 1491 diei
683 1427 880 1492 Mauritania
894 1426 992 1492 ascri-

173 1555 204 1600 11
241 1528 329 1594 bitur
356 1530 486 1593 Perosis
514 1530 567 1592 vel
598 1532 702 1614 patria
730 1532 913 1613 salinarum.
957 1530 992 1594 in

175 1658 205 1701 ra
243 1654 307 1715 qua
327 1629 432 1716 patria
453 1633 570 1696 iterum
592 1635 730 1698 maxima
753 1642 900 1698 caumata
923 1655 991 1698 esse

174 1761 206 1804 13
241 1734 407 1813 videntum
437 1736 470 1798 in
493 1757 558 1817 qua
578 1737 753 1801 maximum
775 1736 894 1800 deserti
920 1758 993 1820 spa-

175 1863 207 1907 14
242 1839 324 1902 tium
353 1847 402 1902 est
430 1847 463 1902 et
485 1847 610 1902 montes
640 1839 696 1920 qui
723 1839 877 1902 dicuntur
898 1839 992 1904 Litri.

175 1965 206 2010 15
242 1951 317 2027 post
338 1951 430 2028 terga
451 1942 574 2026 patriae
596 1942 709 2025 procul
728 1942 811 2006 infra
826 1939 994 2008 Oceanum

175 2068 206 2112 16
242 2055 309 2109 tres
337 2067 473 2130 magnae
495 2044 619 2108 insulae
641 2044 857 2108 inveniuntur.
902 2045 993 2108 cuius

175 2174 207 2218 1⁷
244 2173 264 2212 a
278 2149 383 2212 fronte
400 2149 534 2233 patriae,
549 2147 651 2210 multa
664 2169 741 2231 prae
756 2146 863 2211 medio
880 2148 994 2232 spatia,

176 2278 207 2322 18
243 2251 279 2316 id
293 2261 343 2316 est
353 2252 429 2316 litus
441 2252 537 2316 maris
550 2251 669 2336 magni,
684 2249 882 2314 Mauritania
896 2251 995 2316 ascri-

176 2383 207 2427 19
244 2356 332 2420 bitur
360 2355 549 2441 Tingitana,
579 2377 660 2438 quae
690 2353 856 2418 confinalis
886 2355 995 2418 existit

175 2485 207 2530 20
245 2459 496 2544 suprascriptae
511 2457 727 2522 Mauritaniae
744 2455 973 2522 Caesariensis.

248 2678 260 2721 1
280 2679 428 2720 -caumatosa
439 2675 467 2729 A,
487 2675 527 2734 qai
538 2670 608 2734 infra
618 2673 659 2718 111
671 2672 687 2718 5
707 2685 827 2717 oanmosa.
885 2672 900 2716 8
927 2670 997 2717 nilia-

245 2746 298 2792 todi
315 2746 344 2802 A,
362 2747 402 2804 qui
418 2743 488 2805 infra
505 2745 545 2790 111
560 2745 577 2789 5
596 2742 731 2797 miliatod13
750 2741 806 2787 aliis
824 2744 907 2802 iqsscts'.
926 2741 935 2786 ΙΙ
954 2755 1013 2800 pa··

245 2816 293 2862 tria
311 2829 356 2860 cm.
373 2815 395 2860 B
413 2815 478 2860 edin.
551 2815 564 2861 5
593 2813 769 2872 spaciosissime
786 2813 816 2858 B.
890 2813 905 2857 8
933 2813 998 2858 affri-

246 2899 307 2932 cana
317 2885 368 2940 AB,
387 2883 421 2945 cf.
435 2885 506 2931 813.
554 2887 585 2930 10
604 2884 747 2930 adscribitur
758 2883 780 2928 B
791 2883 856 2928 editi.
905 2883 934 2928 11
954 2882 998 2928 Pe·
1013 2888 1016 2896 ·

245 2957 314 3012 rosis]
326 2955 419 3002 Perorsi
431 2955 518 3012 Plato,
537 2955 670 3021 Περὸρσοι
686 2952 821 3000 Ptolemaeo
833 2967 890 3014 yeas
903 2953 999 2999 Maars-

247 3028 338 3082 tam'cc,·
365 3024 434 3086 infra
461 3027 484 3072 V
499 3027 532 3072 28
554 3025 634 3071 Peras.
658 3025 667 3069 ΙΙ
688 3023 829 3081 salinarum}
855 3022 888 3084 ef.
912 3023 953 3068 111
972 3024 998 3070 9.

249 3098 280 3144 11
308 3098 395 3143 iterum
417 3111 462 3142 cm.
475 3098 503 3142 A.
577 3097 609 3141 14
636 3095 705 3150 Litril
728 3093 821 3140 litricus
838 3094 868 3152 B,
887 3093 999 3140 Lutricns

247 3167 311 3213 editi.
373 3169 404 3212 16
432 3167 533 3224 insulae]
553 3164 586 3226 cf.
599 3165 639 3210 ΙΙΙ
654 3167 679 3211 9.
739 3165 769 3210 18
795 3165 999 3224 postmagniAB

247 3238 304 3283 ecta
321 3238 412 3284 addant
429 3239 462 3284 in.
481 3238 491 3284 ΙΙ
507 3236 651 3284 adscribitur
669 3234 733 3281 editi.
779 3271 781 3275 .
821 3236 854 3281 20
881 3249 953 3295 super
968 3235 998 3280 B.

247 3309 257 3354 ΙΙ
271 3309 398 3355 cesariensi
414 3309 444 3354 A.
