2872 4210
365 509 398 564 la
859 503 862 509 '
1049 577 1051 582 Ι
1140 512 1186 561 ιτ

383 679 395 724 1
433 657 515 722 eius.
537 653 712 722 adventum
746 655 952 722 custodiebat
991 655 1187 742 paradisum,

381 781 395 828 2
433 759 562 844 quando
584 759 680 825 homo
704 745 921 845 corruptibilis
939 760 1110 826 carnaliter
1129 781 1188 846 po·

381 887 396 933 a
432 865 496 929 tuit
509 864 543 928 in
558 865 665 950 ipsum
680 861 806 950 ingredi
821 861 1029 948 paradisum?
1052 885 1187 930 noanon

380 989 397 1036 4
433 965 569 1032 dicimus
592 965 680 1051 quod
693 966 862 1048 iustorum,
886 987 1022 1049 quorum
1037 967 1117 1034 deus
1138 969 1188 1032 iu·
1261 1033 1267 1040 ,

381 1093 395 1140 o
433 1070 500 1154 bet,
528 1071 652 1136 animae
675 1091 740 1133 non
762 1068 985 1155 ingrediantur
1005 1071 1039 1134 in
1061 1070 1188 1157 paradi-

382 1195 396 1240 s
433 1197 521 1257 snm,
551 1175 636 1240 siout
660 1171 819 1237 oredimus
841 1173 927 1238 illius
953 1173 1087 1240 latronis
1108 1174 1188 1240 fide-

382 1299 395 1344 2
432 1277 557 1360 lissimi,
580 1276 623 1342 ad
645 1299 740 1360 quem
755 1276 800 1340 ait
816 1274 966 1343 Christus
983 1277 1063 1342 deus
1078 1287 1188 1344 noster

381 1401 396 1448 a
431 1382 646 1468 omnipotens,
668 1381 724 1464 qui
750 1374 973 1445 tantummodo
1000 1403 1096 1446 carne
1117 1404 1189 1447 cru-

382 1506 396 1550 a
434 1486 547 1550 cifixus
572 1495 636 1567 est,
663 1481 759 1548 hodie
787 1505 914 1548 mecum
942 1485 1006 1550 en‘s
1032 1486 1067 1550 in
1095 1509 1188 1572 para-

365 1609 396 1655 10
434 1588 520 1668 dis03
550 1587 609 1654 sed
637 1586 774 1652 dicimus
801 1588 893 1672 quia,
922 1589 950 1652 si
978 1611 1018 1653 ex
1044 1591 1188 1675 peccatis

365 1714 396 1758 11
434 1693 541 1757 anima
562 1692 743 1778 peccatoris
767 1690 952 1755 omnimodo
974 1692 1101 1780 ingredi
1115 1715 1189 1779 pro-

365 1817 396 1862 12
433 1795 564 1860 hibetur
585 1795 619 1858 in
641 1793 839 1880 paradisum,
863 1803 983 1878 quanto
1005 1798 1110 1884 magis
1132 1819 1189 1862 au·

365 1922 397 1968 13
433 1908 500 1964 tem
524 1921 543 1964 a
564 1907 692 1963 terreno
714 1899 806 1964 missi
833 1897 963 1963 domino
992 1909 1048 1964 aut
1074 1909 1188 1986 sponte

366 2029 398 2074 14
433 2003 530 2067 homo
552 2011 706 2088 peccator
729 2002 938 2088 corporaliter
953 2002 1121 2070 ambulans
1137 2003 1189 2068 dei

366 2131 397 2177 15
434 2107 525 2172 iussu
547 2107 654 2195 ipsum
679 2105 807 2194 ingredi
834 2105 1044 2192 prohibeatur
1072 2109 1106 2172 in
1132 2131 1189 2193 pa·

367 2237 397 2284 16
434 2209 587 2276 radisum.

345 2327 352 2344 ·'
366 2341 397 2386 17
468 2312 501 2382 8.
545 2314 702 2401 Legimus
726 2313 844 2377 etenim
865 2314 957 2378 illum
971 2335 1125 2400 magnum
1139 2336 1189 2378 re-

367 2444 398 2490 ιε
434 2441 510 2506 gem
531 2416 750 2482 Macedonum
771 2415 1006 2500 Alexandrum,
1033 2415 1111 2481 dum
1132 2439 1190 2503 per
1220 2472 1222 2474 .

367 2548 398 2593 19
435 2520 691 2588 Transindorum
728 2521 866 2606 patriam
900 2544 1041 2586 eremum
1075 2521 1202 2586 diebus

366 2649 398 2696 2ο
435 2624 690 2712 perambulasset
704 2625 862 2712 plurimis,
877 2647 943 2689 non
958 2626 1063 2690 solum
1075 2651 1094 2691 a
1104 2625 1190 2692 Stoi·

366 2757 398 2802 21
437 2731 483 2796 cis
507 2753 546 2795 ex
568 2729 723 2794 Indorum
745 2751 862 2816 genere
885 2729 1069 2794 hominibus
1085 2729 1143 2794 sed
1158 2738 1190 2793 et

367 2859 398 2906 22
437 2834 705 2917 adaemouibus,
735 2834 790 2917 qui
822 2834 919 2898 etiam
947 2833 1094 2898 nolentes
1116 2855 1191 2918 pro·

367 2967 399 3013 23
435 2941 518 3004 ferre
549 2940 718 3004 veritatem
746 2946 783 3002 ut
805 2938 962 3016 assolent,
989 2935 1116 3019 accepit
1140 2957 1191 2998 re-

438 3206 450 3249 1
476 3205 594 3249 adventus
613 3203 677 3248 editi.
724 3201 786 3246 tin
805 3213 850 3244 om.
869 3199 933 3244 aditi.
971 3197 1059 3242 bnon
1071 3208 1116 3240 om.
1126 3193 1190 3239 editi.

435 3274 444 3320 ll
457 3275 568 3334 paradiso
587 3274 616 3319 A.
680 3271 802 3326 ahodie]
822 3270 880 3315 Lao.
900 3269 934 3313 23
953 3267 995 3312 43.
1052 3265 1083 3310 10
1111 3267 1190 3312 setA.

435 3335 671 3404 llquiasilquasiB.
714 3341 744 3386 15
773 3335 1047 3400 ipsumlinipsumAB.
1090 3337 1120 3383 18
1148 3351 1192 3396 per

436 3431 480 3462 om.
494 3417 558 3461 editi.
617 3415 648 3458 19
676 3412 860 3471 transyndorum
878 3412 907 3456 A.
964 3409 996 3455 22
1024 3407 1142 3455 uellentes
1159 3409 1189 3454 Β.

437 3488 468 3534 23
497 3485 585 3532 assolet
603 3486 633 3530 A.
