2578 4008
422 537 570 604 Vicenna

388 682 391 688 -
417 642 533 707 Bicera

418 735 574 811 Dronona

417 847 498 914 Ulta

419 949 580 1035 Garunna,
595 951 763 1036 exquibus
780 951 936 1038 aliquanti
946 953 1020 1018 fun-

215 1079 230 1124 6
267 1054 388 1120 duntur
409 1057 443 1120 in
466 1053 609 1121 Oceano.

197 1183 229 1230 ,7
300 1157 351 1226 41.
396 1157 480 1223 Itc'm
502 1160 592 1225 iuxta
608 1159 712 1244 ipsam
727 1155 946 1224 Gnascouiam
961 1182 1020 1244 po-

199 1282 230 1332 's
267 1263 354 1327 uitur
382 1263 487 1348 patria
512 1285 594 1346 quae
623 1263 807 1328 nominatur
829 1259 1019 1349 Spanogua·

216 1393 230 1438 a
267 1367 393 1444 sconia3
417 1388 513 1450 quam
533 1375 566 1430 st
580 1367 684 1452 ipsam
698 1366 746 1432 illi
761 1363 947 1452 philosophi
963 1366 1019 1449 qui

199 1495 229 1541 10
266 1468 464 1555 praedictam
500 1466 720 1536 Guasconiam
757 1469 1018 1558 designaverunt.

199 1598 228 1643 11
266 1571 325 1638 sed
357 1596 417 1638 nos
451 1571 629 1639 secundum
657 1573 838 1658 praefatum
866 1571 1020 1638 Eldcbal-

198 1699 229 1745 1a
266 1675 343 1742 dum
355 1678 457 1763 ipsam
469 1673 788 1763 Spanoguasconiam
802 1676 1017 1764 exposuimus.

198 1802 229 1848 18
267 1802 364 1865 quam
383 1777 708 1867 ,Spanoguasconiam
740 1780 804 1866 ipsi
835 1779 1020 1866 philosophi

199 1905 230 1950 14
265 1884 513 1950 munitissimam
526 1883 665 1969 patriam
679 1904 750 1950 csse
768 1883 1020 1965 affirmaverunt,

198 2009 228 2054 15
266 1987 540 2054 circumvallatam
556 2009 596 2052 cx
610 1985 715 2052 tribus
730 1985 877 2072 partibus
888 1985 1018 2073 Alpinis

197 2114 228 2160 rs
265 2091 429 2158 montibus
456 2100 489 2156 et
510 2113 530 2156 a
551 2098 666 2175 quarto
688 2091 789 2156 latere
811 2114 831 2156 a
851 2087 1019 2176 praedicto

197 2217 228 2262 ιτ
266 2191 410 2260 Oceano.
448 2196 482 2260 in
497 2191 859 2282 quaSpanoguasconia
874 2193 1019 2278 aliquan-

197 2317 228 2366 18
265 2307 316 2364 tas
345 2299 445 2364 fuisse
472 2298 619 2364 civitates
647 2298 803 2386 legimus,
832 2321 872 2362 ex
900 2295 1018 2382 quihus

197 2422 228 2468 rs
265 2425 304 2466 ex
327 2411 418 2506 parto
441 2401 611 2488 designare
633 2401 794 2484 volumus,
817 2400 851 2466 id
874 2409 924 2467 cst

267 2595 279 2638 l
300 2593 419 2640 vincenna
430 2591 477 2651 AG,
490 2591 602 2652 Vigenna
615 2591 744 2654 Gregorius
757 2592 821 2650 ihr„
840 2589 908 2637 hodic
917 2589 1017 2636 Vienna.

264 2663 279 2709 2
298 2663 395 2722 Bicera]
409 2662 585 2710 hodieVszere.
639 2665 653 2710 3
673 2663 756 2710 Druna
767 2659 855 2708 Ausul.
868 2661 1017 2708 Lacrimans.

263 2734 333 2780 Perta
351 2735 417 2781 Mon.
436 2735 450 2781 1
465 2749 489 2794 p.
500 2734 561 2794 146,
579 2733 705 2780 Domonia
722 2732 774 2791 alii,
793 2731 862 2778 hodia
878 2731 1017 2790 Dordogne.

263 2807 279 2850 4
307 2805 379 2862 Ulta]
397 2804 475 2852 Oldna
493 2803 561 2862 aliia,
590 2804 658 2851 hodia
680 2803 703 2850 le
721 2803 777 2850 Lot.
852 2802 867 2848 h
896 2800 1017 2857 Garruna]

263 2875 378 2923 Vanruna
390 2876 455 2934 editi,
474 2876 498 2922 fl.
513 2873 627 2922 Garunna
639 2874 703 2931 Tab„
716 2873 785 2920 hodie
798 2871 917 2920 Garunna.
945 2871 954 2918 ΙΙ
973 2870 1018 2917 ali·

264 2951 366 3005 quantas
383 2947 416 3004 A,
445 2945 576 3004 aliquantis
595 2946 617 2990 B
639 2944 704 2990 aditi.
732 2944 742 2990 ll
767 2945 873 2990 fundunt
889 2941 931 2990 BC
952 2941 1017 2988 aditi.

264 3017 279 3064 6
303 3023 361 3076 post
379 3030 469 3066 oceano
491 3017 514 3064 B
533 3014 619 3062 littera
636 3015 731 3061 minutia
756 3014 825 3061 addit
841 3026 895 3072 ιω,
926 3011 1017 3059 uada.

263 3088 293 3135 ds
306 3101 383 3147 spano
396 3087 525 3134 wasconia.
581 3088 595 3133 7
615 3085 754 3146 gasconiam
773 3086 794 3132 A
812 3091 834 3132 et
851 3087 887 3132 sic
901 3083 1016 3142 deinceps.

264 3159 296 3206 10
326 3159 504 3219 descripserunt
522 3157 698 3216 descripserunt
722 3159 786 3215 (ric)
807 3155 831 3204 0.
905 3155 937 3202 la
963 3159 1018 3213 post

263 3229 456 3289 philosophiae
473 3228 529 3276 add.
547 3227 658 3274 multum.
716 3229 747 3274 14
766 3227 952 3274 adfirmaverunt
968 3222 1016 3270 BC.

264 3301 296 3346 18
325 3301 435 3348 civitates
458 3301 530 3348 inisse
559 3296 583 3346 C.
619 3298 629 3344 ΙΙ
657 3303 715 3358 post
738 3299 825 3358 quibus
848 3297 905 3344 editi
927 3295 1018 3344 adducat

262 3370 406 3430 aliquantas.
