2710 4004
221 395 293 440 ΠΒ

241 564 249 606 1
442 539 554 604 Ebusa

47 699 53 708 .
136 707 142 720 ,
240 665 253 710 a
370 640 559 708 *Gabia

239 770 253 814 a
323 743 377 812 28.
423 745 649 811 Terminantes
673 746 811 830 denique
827 748 942 814 Asiam
958 749 1046 814 Atri-

238 875 253 918 1
291 871 361 914 cam
385 871 443 913 seu
465 849 643 934 Europam,
667 849 708 915 ad
732 873 916 936 supremum
939 861 976 916 ut
998 852 1047 917 di·

239 977 252 1022 5
290 973 400 1017 camus
431 952 610 1036 completur
639 955 807 1019 universus
837 956 992 1038 mundus,
1027 981 1046 1022 a

238 1081 252 1124 a
289 1067 380 1141 parte
410 1057 532 1140 primae
556 1054 700 1130 Orientis
727 1057 840 1122 Indiae
868 1059 1045 1125 Dimirieae

239 1185 252 1228 7
288 1160 398 1224 Evilat
427 1157 552 1224 habens
587 1161 657 1245 ipse
691 1159 831 1226 mundus
859 1163 957 1228 finem
985 1163 1045 1229 dec

238 1289 252 1332 s
289 1273 400 1329 nostro
421 1263 646 1328 tantummodo
675 1265 858 1350 cognitum,
888 1268 979 1350 quia,
1003 1277 1045 1332 ut

239 1371 265 1435 e‘
290 1367 448 1448 diximrm,
477 1368 559 1432 nulli
588 1367 755 1432 hominum
782 1370 975 1454 permissum
997 1381 1046 1436 est

222 1495 252 1539 10
268 1489 270 1493 ·
288 1472 385 1536 finem
401 1469 545 1535 eiusdem
560 1472 683 1555 primae
699 1468 842 1537 Orientis
857 1473 970 1538 Indiae
985 1475 1046 1538 Di-

222 1598 250 1640 11
290 1576 420 1638 miricae
455 1574 564 1638 Evilat
597 1575 748 1658 reperire.
804 1575 936 1642 dextrae
970 1601 1045 1642 vero

222 1697 252 1743 ta
289 1679 390 1763 partis
412 1676 596 1762 praedictae
617 1676 730 1742 Indiae
745 1679 922 1745 Dimirieae
936 1681 1046 1746 Evilat

222 1802 252 1845 13
289 1781 451 1844 invenitur
461 1771 618 1846 Oceanus
642 1781 698 1864 qui
719 1783 825 1868 tangit
839 1783 966 1849 Indiam
980 1794 1044 1849 ter-

221 1908 253 1952 14
290 1885 369 1948 tiam
396 1885 549 1949 maiorem
579 1907 675 1968 quarn
702 1885 919 1970 praediximus
942 1888 1044 1952 Ther-

222 2011 252 2056 15
289 1988 473 2052 manticam.
519 1989 668 2053 sinistrae
699 1997 806 2054 autem
828 1991 930 2074 partis
952 2015 1045 2077 prae·

221 2115 252 2159 16
289 2091 374 2156 fatae
402 2091 515 2157 Indiae
544 2093 721 2158 Dimirieae
748 2092 858 2156 Evilat
886 2094 1044 2178 reperitur

222 2218 251 2262 rr
290 2192 442 2261 Oceanus
472 2195 602 2264 Sericus
630 2194 744 2260 Indiae
766 2196 974 2261 Bactrianae:
1002 2197 1043 2262 ad

292 2459 304 2502 1
325 2457 421 2504 Ebusus
434 2457 507 2514 Pria,
522 2457 618 2503 Ebusos
628 2455 701 2514 Malu,
710 2449 826 2522 Ἔβυσος
838 2458 936 2514 Strato,
944 2451 1042 2525 ’Ἐβυσ-

290 2545 335 2580 σος
344 2527 416 2586 Prot,
435 2543 496 2574 acac
509 2528 582 2587 Ivica.
638 2529 652 2572 2
673 2526 761 2584 Gabis]
782 2543 852 2587 „atum
866 2528 945 2574 Gades
964 2531 1040 2576 erit?“

288 2599 375 2644 Porcia.
412 2600 422 2644 ll
451 2605 509 2658 poet
533 2598 608 2644 Gabis
628 2597 719 2645 Cadd.
743 2600 772 2644 de
795 2601 962 2645 terminatione
985 2615 1041 2661 asye

289 2671 370 2716 affrice
388 2683 484 2728 europe.
525 2669 627 2727 qualiter
650 2675 715 2715 totus
738 2671 840 2715 mundus
863 2671 997 2730 completur
1018 2679 1042 2718 ct

289 2741 318 2786 de
335 2741 424 2786 finibus
442 2742 546 2787 universi
565 2741 654 2786 mundi.
711 2741 725 2785 6
754 2742 840 2786 dimica
858 2743 886 2786 A.
947 2743 960 2786 7
989 2743 1040 2801 ipse

288 2825 334 2858 om.
354 2812 376 2856 B
396 2812 463 2866 editi,
491 2812 533 2858 sed
551 2813 573 2856 Β
596 2815 620 2857 ia
639 2813 747 2869 marptae
766 2825 836 2869 apr.
855 2827 884 2856 m.
905 2812 975 2858 tabet
992 2815 1039 2872 ipe.

289 2885 303 2930 8
325 2883 392 2941 quial
414 2887 461 2940 qua
479 2885 506 2928 A.
562 2884 576 2927 9
597 2886 644 2938 est]
665 2887 701 2926 est
719 2882 744 2926 in
762 2883 805 2926 AB
824 2883 888 2928 editi.
945 2884 975 2928 10
994 2885 1040 2930 fine

288 2955 331 3000 ΑΒ
350 2955 413 2999 editi.
445 2956 454 2999 ii
480 2954 562 2999 mirice
580 2954 609 2998 A.
684 2954 713 2996 11
743 2952 826 2998 Evilat
850 2968 894 2998 om.
913 2954 958 2997 AB
976 2955 1039 3000 editi.

288 3025 297 3070 il
309 3025 424 3083 repperiri
452 3026 485 3081 A,
523 3025 620 3083 reperiri
647 3024 669 3069 B
696 3023 761 3068 editi.
844 3025 874 3068 1⁴2
903 3025 984 3069 mirice
1010 3028 1038 3070 A.

289 3097 320 3140 13
348 3096 431 3142 Indiae
460 3096 529 3152 editi,
562 3109 607 3140 om.
633 3093 680 3140 Ao.
756 3095 787 3138 14
815 3101 873 3151 post
899 3096 994 3141 tertiam
1024 3094 1042 3142 C

286 3165 340 3212 add.
352 3172 451 3223 partem.
471 3167 480 3212 ΙΙ
497 3167 669 3225 praediximus!
682 3164 788 3210 diximus
800 3165 869 3220 adira
882 3163 915 3225 ef.
925 3166 976 3210 114
996 3169 1037 3213 11.

286 3237 361 3294 ilpoat
378 3239 542 3294 praediximus
563 3237 653 3282 Uada.
674 3236 771 3280 indiam.
799 3235 808 3280 ll
834 3237 999 3282 thermaticam
1009 3239 1036 3294 A,

285 3307 451 3354 thermariram
469 3309 499 3352 B.
552 3309 582 3353 16
602 3307 685 3352 Evilat
704 3321 748 3352 om.
767 3307 811 3351 AB
830 3307 894 3352 editi.
945 3309 975 3353 17
995 3310 1038 3355 ba-

284 3380 360 3425 triane
378 3377 448 3436 ABG,
468 3381 508 3438 qai
524 3393 579 3424 moa
596 3378 728 3424 bactriana.
