2710 4004
329 364 383 422 394
481 315 487 328 '
1075 373 1148 422 ΠΙ

351 538 362 582 1
444 514 509 580 Per
536 514 674 580 insulem
695 513 798 603 Cypri
823 525 993 584 transeunt
1013 517 1152 604 plurime

349 643 364 686 s
399 618 541 702 flumina,
563 619 647 686 inter
669 627 777 684 cetera
799 643 882 686 unus
905 623 961 706 qui
984 619 1102 688 dieitur

349 747 364 792 ο
550 722 711 807 Basileus,
739 725 795 809 qui
815 725 996 812 ingreditur
1016 725 1051 790 in
1071 725 1152 790 meri

348 850 363 894 ι
400 849 517 913 magno
540 835 672 914 aperte
694 829 786 912 quasi
801 826 926 916 Syriae.
971 829 1053 895 alius
1075 851 1151 894 vero

350 951 363 996 ο
400 929 517 996 fluvius
540 928 659 996 dieitur

349 1057 363 1102 6
549 1033 668 1118 Licus,
705 1035 761 1119 qui
793 1034 974 1124 ingreditur
1004 1037 1038 1102 in
1072 1036 1152 1101 meri

350 1161 363 1204 ο
400 1159 528 1224 magno.

349 1263 363 1307 s
444 1240 477 1304 A
498 1249 589 1326 parte
612 1236 725 1326 Syriae
755 1249 806 1307 est
827 1242 920 1327 quasi
941 1243 1032 1308 iuxta
1055 1265 1152 1328 supra

349 1367 363 1411 9
401 1344 555 1430 seriptum
578 1340 723 1430 Cyprum
744 1344 851 1411 insula
872 1367 954 1430 quse
977 1345 1097 1412 dieitur

334 1474 364 1518 ιο
550 1444 638 1514 Sura

333 1579 363 1624 11
550 1550 657 1616 insula
677 1549 816 1618 Arados.

333 1682 364 1726 rr
446 1653 531 1722 Sunt
554 1654 672 1720 etenim
694 1655 728 1720 in
750 1655 822 1741 ipse
842 1657 974 1743 regione
988 1657 1097 1739 maris,
1118 1656 1153 1722 id

334 1787 364 1833 13
401 1768 451 1825 est
479 1783 519 1824 ex
548 1758 649 1824 latere
675 1758 860 1844 praedictae
883 1757 1000 1847 Cypri,
1029 1761 1153 1826 insulse

333 1889 366 1936 14
401 1886 483 1948 quae
506 1862 660 1928 dicuntur

334 1993 364 2038 ιο
552 1963 773 2049 Chelidoniae,
794 1966 911 2032 iterum
933 1990 1015 2052 quae
1035 1966 1154 2034 dieitur

333 2096 364 2142 ιο
551 2069 674 2136 Rodos.

333 2197 364 2244 rr
434 2173 485 2243 21.
530 2173 653 2239 Iterum
662 2196 721 2259 per
731 2173 894 2240 diversum
904 2169 991 2240 mere
1002 2197 1154 2262 magnum

334 2303 365 2349 re
401 2279 558 2364 plurimae
579 2285 745 2364 ponuntur
765 2277 900 2361 insulae,
923 2276 957 2342 id
980 2286 1030 2343 est

334 2407 365 2452 19
552 2378 672 2447 Seruse

333 2509 366 2556 eo
556 2471 718 2554 Ceramen-

405 2722 416 2765 1
446 2720 506 2778 cipri
524 2720 553 2766 B.
627 2719 641 2763 2
667 2723 724 2777 port
742 2721 820 2764 cetera
845 2717 935 2764 cedd.
954 2731 1015 2777 quae
1032 2717 1152 2764 dicuntur.

401 2791 411 2837 ΙΙ
420 2797 477 2849 pest
494 2801 555 2836 unus
576 2787 667 2836 cedd.
686 2793 729 2834 est.
783 2789 798 2834 8
823 2788 944 2846 Basileus}
964 2785 1155 2847 ,Basilopotami

396 2860 503 2921 fluminis
514 2861 618 2906 meminit
630 2858 712 2918 Stepl.
727 2859 822 2920 Losiyu.
836 2861 896 2905 c.7“
915 2859 1003 2906 Porcl.
1051 2860 1067 2904 4
1086 2859 1154 2918 quasi

402 2938 457 2978 nete
471 2931 555 2992 Syriae
567 2943 611 2976 om.
626 2929 648 2976 A
662 2936 685 2976 et
698 2931 767 2988 ροιιὶο
783 2931 827 2976 ο.8
841 2936 898 2988 peel
909 2936 986 2990 parte.
1041 2932 1055 2976 6
1075 2929 1155 2989 Lycus

403 3002 468 3058 editi,
487 2995 583 3052 Λύκου
595 3001 724 3068 ποταμοῦ
736 2996 849 3067 ἐκβολαί
857 2999 921 3048 Ptol.
970 3003 985 3048 8
1005 3007 1059 3048 αοιο
1071 2999 1155 3060 Syriae

405 3071 423 3120 0
445 3073 500 3120 add.
527 3073 606 3131 quasir
635 3071 668 3132 cf.
691 3087 713 3118 ο.
726 3072 751 3118 A.
826 3074 856 3120 lo
886 3071 962 3128 sura}
987 3071 1061 3120 Stiria
1090 3069 1153 3117 Plio.

405 3144 434 3189 ll
456 3145 542 3191 orodes
556 3141 580 3202 C,
599 3149 634 3189 eet
651 3142 754 3199 Aradus,
773 3143 900 3189 Phoenices
912 3141 999 3189 ιἰιιοῑα.
1043 3141 1073 3188 15
1093 3139 1154 3188 Che·

402 3214 508 3262 lidoniee
519 3216 589 3260 etlam
598 3213 662 3260 Ptin.
672 3213 739 3260 Mela
749 3213 799 3260 elii.
839 3215 870 3260 16
889 3214 987 3260 Rhodos
997 3214 1060 3270 edili,
1076 3211 1157 3258 lnsulo

402 3285 501 3332 Rhodos
514 3285 569 3331 Tol.
589 3284 598 3330 ΙΙ
618 3291 676 3344 porr
688 3285 769 3330 Rodos
789 3283 879 3332 Cadd.
898 3286 928 3332 de
946 3283 1055 3344 plurimis
1072 3281 1157 3330 insulis

402 3369 445 3415 per
460 3357 578 3402 diversum
598 3369 662 3402 mere
681 3369 794 3416 magnum
814 3356 906 3412 positis.
972 3357 1002 3401 19
1031 3367 1114 3402 cerusa
1132 3351 1156 3400 0.
