2578 4008
295 432 349 483 3⁰2
1029 438 1062 481 Il'
1080 439 1113 482 42

315 603 327 646 1
364 602 404 643 aa
435 580 567 644 flumina
595 583 768 644 nominavi.
822 605 904 664 quae
932 580 1114 666 Spanorum

314 705 329 749 2
363 687 468 768 patria
488 685 585 749 habet
607 687 691 748 infra
712 709 747 750 se
771 687 952 770 provincias
966 686 1113 750 famosis-

313 811 328 854 3
364 790 462 853 simas
484 803 569 870 octo,
594 789 629 852 id
652 802 700 853 est

312 915 329 957 4
514 892 657 958 Galletia

313 1017 328 1061 5
513 999 649 1060 Asturia

313 1124 328 1166 t
513 1101 727 1186 Austrigonia

313 1227 327 1269 7
514 1203 621 1268 Iberia

312 1329 328 1371 8
515 1308 686 1392 Lysitania

313 1432 328 1475 a
514 1412 629 1474 Betiea

296 1538 328 1581 10
515 1515 662 1600 Hispalis

296 1643 326 1685 11
514 1620 696 1684 Aurariola.
751 1621 813 1684 etsi
839 1620 967 1684 modica
994 1621 1114 1698 existit,

296 1745 328 1789 η
362 1731 472 1785 tamen
486 1725 615 1788 omnino
626 1725 740 1788 fertilis
752 1735 784 1788 et
795 1725 1033 1810 speciosissima
1044 1747 1114 1788 esse

295 1849 328 1894 aa
364 1825 552 1892 dinoscitur.

296 1953 328 1996 14
407 1931 459 1994 Ex
482 1955 546 2015 qua
559 1931 726 2017 praedicta
739 1931 861 2018 Spania
874 1933 1054 2015 aliquantas
1070 1933 1115 1996 ci-

296 2055 327 2101 15
364 2035 497 2116 vitales,
530 2045 564 2099 et
597 2059 733 2118 quarum
761 2037 928 2100 civitatmn
955 2036 1116 2100 territoria

296 2161 328 2205 ιε
363 2149 527 2224 ponuntur
548 2163 613 2203 non
634 2141 731 2227 longe
754 2165 774 2205 a
794 2141 876 2204 mari
896 2162 1021 2224 magno·
1035 2137 1115 2204 Gal·

295 2263 328 2308 17
363 2243 427 2307 lico
441 2243 620 2324 Balearico‚
641 2245 789 2310 volumus
810 2244 989 2328 designare,
1010 2243 1045 2306 id
1066 2255 1114 2308 est

366 2577 378 2620 l
400 2578 441 2630 acl
459 2574 499 2620 vel
516 2576 559 2620 AB
577 2577 642 2620 editi.
697 2577 711 2620 ι)
733 2573 906 2619 famosissimas
923 2589 968 2618 am.
987 2575 1032 2618 AB
1049 2575 1114 2619 editi.

364 2647 381 2689 4
401 2645 506 2691 Galletia
523 2649 593 2691 etiam
613 2647 629 2690 8
648 2646 682 2689 19
701 2653 723 2689 et
742 2647 757 2688 9
778 2647 802 2698 1,
827 2643 922 2689 calletia
941 2647 961 2690 A
981 2645 1046 2692 editi.
1065 2644 1115 2689 eal·

364 2715 424 2762 letta
442 2718 473 2774 B,
503 2717 606 2776 gallecia
630 2716 728 2765 CAnt..
760 2714 884 2760 Gallaecia
906 2715 979 2772 Ptin„
1010 2715 1115 2762 Gallieia

365 2788 462 2832 lot-dan.
517 2790 531 2832 6
555 2787 718 2845 Amtrogonia
737 2787 834 2830 Jordan.
853 2787 882 2830 <le
901 2787 950 2831 rel.
970 2786 1020 2831 Get.
1040 2787 1113 2834 c-M.

363 2857 509 2918 Autrigones
526 2858 590 2916 Elin.
609 2857 683 2902 Mela.
738 2859 752 2902 8
776 2857 895 2902 Liaitania
915 2857 1045 2909 Chr-cl„
1066 2857 1115 2902 Lu-

363 2930 452 2975 sitania
479 2930 581 2974 Greia]
607 2928 632 2972 2.
705 2930 720 2973 a
748 2929 835 2972 betaca
858 2929 891 2984 B,
920 2929 1027 2973 Baetaca
1050 2928 1114 2972 edili.

366 3002 397 3045 10
425 2999 548 3058 Hispalis}
580 2997 637 3044 aliis
667 3013 750 3042 namen
782 2999 860 3054 arlia,
897 3013 944 3044 aon
966 3002 1113 3057 provinciae.

366 3073 394 3116 ll
425 3072 483 3126 etsi}
501 3069 542 3114 vel
559 3070 580 3114 ai
599 3070 643 3114 AB
661 3070 726 3114 editi.
754 3070 764 3114 ll
789 3071 879 3115 existet
895 3071 947 3114 AB.
1003 3071 1034 3114 12
1059 3084 1113 3127 spa-

363 3143 497 3188 cioaissima
517 3139 541 3196 C,
569 3142 745 3199 spatiosissima
764 3141 786 3185 Β
803 3141 869 3186 aliti.
926 3143 957 3186 14
976 3141 1114 3199 aliquantae

362 3213 427 3257 editi.
484 3213 515 3256 15
535 3216 560 3256 et
577 3215 692 3269 quarum!
710 3217 736 3256 et
753 3225 835 3257 earum
855 3210 879 3266 C,
898 3211 938 3256 vel
956 3213 1113 3270 quammdam

363 3283 428 3327 editi.
447 3283 457 3326 il
472 3289 530 3340 post
546 3284 667 3328 territoria
685 3282 742 3327 editi
759 3283 851 3328 addant
869 3296 938 3340 quae.
994 3284 1026 3327 16
1044 3284 1113 3337 mari}

362 3355 424 3398 mari
442 3355 502 3399 mari
521 3357 549 3398 A.
606 3356 638 3399 17
661 3353 783 3400 balean'co
801 3355 853 3399 AB.
882 3355 891 3397 :5
913 3360 970 3410 post
988 3352 1113 3398 Balearieo

364 3421 449 3468 cada.
462 3437 493 3468 ex
507 3425 593 3482 quibua
606 3425 750 3484 aliquantas.
770 3426 780 3468 ll
797 3427 924 3484 designare
936 3423 1048 3469 volumus
1062 3421 1086 3468 0.
