2580 4028
290 475 343 528 aco
537 443 538 447 ¹
1018 474 1053 522 1v
1074 476 1104 520 11

310 647 320 690 1
360 623 425 710 legi
439 621 659 686 Ptolomaeum
680 643 790 707 regem
809 620 1045 706 Aegyptiorum
1068 643 1107 686 ex

310 749 324 793 a
361 727 460 812 stirpe
482 725 718 806 Macedonum,
748 723 805 789 sed
834 734 866 788 et
887 725 1108 809 praenomina·

309 846 323 890 a
360 839 429 894 tum
451 829 556 915 Hylas
585 837 681 912 atque
703 825 896 894 Sardonium
926 837 958 892 et
982 827 1108 913 praedi-

309 951 324 995 4
362 942 449 997 ctum
484 932 708 998 Aristarchum
736 929 935 999 Graecorum
968 931 1108 1017 philoso-

310 1056 324 1101 c
360 1037 458 1122 ph0s3
505 1037 563 1102 sed
602 1059 663 1123 ego
701 1035 877 1102 secundum
916 1035 1108 1102 Sardonium
1204 1091 1207 1098 .

309 1159 323 1204 c
359 1139 462 1226 ipsam
474 1138 698 1206 Sarmatonum
708 1141 844 1224 patriam
854 1139 1004 1206 indicavi.
1034 1150 1108 1225 post

309 1262 324 1306 7
361 1265 457 1328 quam
471 1245 607 1330 patriam
623 1241 774 1311 Oceanus
795 1243 1021 1330 innavigabilis
1038 1267 1107 1308 esse

207 1384 209 1388 .
309 1365 323 1408 a
361 1347 541 1412 ascribitur.
587 1371 626 1412 ex
645 1349 736 1412 cuius
751 1346 929 1414 Sarmatiae
946 1346 1108 1412 montibus

309 1469 323 1512 a
360 1460 478 1516 exeunt
492 1452 628 1538 plurima
643 1450 784 1533 flumina,
805 1451 889 1516 inter
905 1460 1011 1515 cetera
1025 1474 1107 1516 unus

292 1571 323 1616 10
361 1554 477 1621 fluvius
506 1554 652 1642 procedit
679 1556 712 1619 in
744 1552 876 1620 Oceano
910 1554 965 1638 qui
991 1553 1109 1618 dicitur

291 1675 322 1720 11
359 1659 499 1746 Bangis,
528 1668 560 1723 et
589 1659 670 1724 alius
693 1659 782 1724 venit
808 1656 900 1742 quasi
922 1657 964 1722 ad
984 1668 1108 1744 partem

292 1779 323 1824 12
360 1763 515 1848 Danubii,
540 1763 595 1847 qui
619 1762 739 1827 dicitur
760 1761 901 1846 Appion.

292 1881 323 1928 1a
404 1865 487 1932 Item
500 1867 666 1932 confinalis
675 1864 821 1932 eiusdem
831 1862 1008 1930 Sarmatiae
1019 1866 1109 1930 iuxta

291 1985 323 2032 14
361 1966 528 2036 Oceanum
543 1971 673 2056 ponitur
686 1969 791 2054 patria
806 1991 887 2053 quac
904 1967 1022 2034 dicitur
1028 1965 1108 2054 Scy-

291 2083 323 2132 li
359 2073 438 2156 thia,
461 2096 542 2158 quae
565 2073 694 2138 omnino
710 2081 844 2138 actuosa
857 2072 975 2138 existit.
1012 2094 1109 2156 quam

292 2190 322 2238 16
359 2177 496 2262 patriam
511 2177 776 2263 suprascriptam
791 2173 1029 2260 descripserunt
1038 2175 1109 2261 phi-

292 2293 322 2340 17
359 2280 485 2367 losophi
512 2281 568 2365 qui
597 2288 630 2344 et
651 2277 858 2357 Sarmatiam
888 2277 946 2344 sed
973 2301 1033 2364 ego
1059 2301 1109 2344 se-

363 2471 374 2516 1
388 2468 568 2528 ptholomaeum
580 2467 604 2526 0,
614 2467 764 2516 Ptolemeum
774 2468 838 2514 cdiii.
869 2469 881 2514 1
903 2468 917 2514 2
936 2481 969 2514 ex
977 2472 1047 2528 tyrpa
1056 2468 1107 2525 AB,

359 2553 390 2586 ex
402 2545 461 2600 type
481 2538 505 2586 Ο.
554 2539 642 2600 tylae
653 2542 681 2585 A.
727 2539 931 2586 teristrarchum
948 2539 977 2584 A.
1019 2537 1109 2586 isar-

360 2611 469 2667 doninm]
490 2609 527 2658 iic
546 2610 637 2656 accedit
656 2609 739 2656 Gaida
795 2611 809 2656 6
837 2614 986 2656 sarmaticus
1004 2609 1034 2666 B,
1054 2609 1109 2657 Sar-

358 2682 473 2728 matantis
491 2673 555 2739 cdiii,
585 2679 818 2728 Sarmatorum199
839 2681 880 2726 14.
906 2681 916 2726 ΙΙ
941 2681 1064 2728 nominavi
1084 2679 1107 2728 C.

360 2754 374 2798 7
393 2753 535 2812 patriaAB.
563 2751 572 2798 ΙΙ
598 2766 741 2799 oceanorum
758 2753 809 2809 AB,
829 2757 934 2798 occeani
954 2749 978 2798 C.
1006 2751 1016 2798 ΙΙ
1040 2753 1109 2798 inna-

357 2822 488 2883 vigabilern
508 2822 532 2870 0.
588 2825 602 2870 8
622 2823 767 2870 adscribitur
784 2823 849 2868 editi.
905 2821 1107 2879 9unusfluviual

358 2907 432 2940 unum
444 2895 487 2940 ΑΒ
499 2895 564 2942 editi.
620 2895 650 2940 10
669 2894 779 2953 procedit
788 2908 832 2938 om.
841 2891 928 2939 Porcii.
947 2892 957 2939 ΙΙ
974 2893 999 2940 in
1008 2908 1053 2940 om.
1065 2893 1109 2938 AB

358 2963 422 3012 editi.
449 2965 459 3011 ii
485 2964 582 3012 Oceano
596 2979 641 3010 om.
654 2964 740 3013 Porcii.
761 2965 770 3009 ii
787 2964 841 3022 quil
855 2967 879 3010 ct
893 2961 917 3020 G,
930 2965 996 3022 quod
1009 2965 1029 3010 A
1044 2963 1108 3010 aditi.

360 3037 390 3081 11
419 3037 509 3096 hangio
534 3035 563 3094 0,
590 3035 671 3094 raugia
691 3033 723 3092 G,
751 3034 831 3093 Buges
852 3032 934 3080 Plini
959 3034 1001 3082 aad
1024 3036 1109 3081 iaaca

359 3109 485 3166 „procedit
508 3105 631 3154 Oceanc“.
659 3105 668 3150 ii
699 3103 765 3150 alind
787 3105 833 3150 AB
855 3104 919 3154 aditi.
994 3105 1025 3151 12
1055 3106 1108 3164 quil

358 3191 404 3236 que
428 3176 453 3235 0,
484 3179 548 3236 quod
571 3178 592 3222 A
615 3175 680 3221 editi.
716 3174 726 3220 li
761 3175 832 3234 apion
857 3174 889 3233 G,
918 3174 973 3235 Apo
998 3176 1022 3222 fl.
1054 3175 1110 3222 Tot.

361 3250 392 3293 la
420 3249 498 3294 eidem
516 3247 581 3293 editi.
638 3246 669 3292 14
697 3245 771 3292 aithia
795 3245 847 3291 ΑΒ.
903 3247 934 3294 15
963 3251 1061 3294 astuosa
1078 3247 1108 3303 B,

358 3323 470 3366 aestuosa
492 3317 560 3373 editi,
588 3317 704 3362 herenoaa
729 3315 761 3374 G,
789 3315 888 3378 cs.168
907 3317 931 3375 4,
958 3317 998 3365 aii
1022 3316 1110 3380 iacitur

360 3387 504 3448 Scythia..
524 3399 638 3434 eremosa.
695 3387 726 3434 16
755 3401 799 3448 sup
818 3388 893 3449 script
912 3387 937 3436 0.
993 3389 1024 3436 17
1053 3389 1107 3448 quil

360 3471 406 3517 que
424 3458 475 3513 AB,
504 3457 560 3515 quia
580 3455 604 3502 G.
