2562 3996
287 384 339 436 552
959 399 1040 434 ovmo
1060 388 1109 436 las

308 557 319 600 1
357 541 453 615 teque
503 532 736 617 spatiosissima
780 553 850 596 esse
899 530 1108 618 dignoscitur.

307 658 321 704 a
358 635 474 700 deinde
500 637 533 700 in
567 634 714 721 planiciis
747 658 805 720 per
837 636 935 722 longa
968 635 1109 720 undique

307 761 321 806 a
363 740 467 824 spatia
498 739 604 825 patria
636 739 767 823 ponitur
803 736 979 821 Chazaria‚
1028 743 1108 824 quae

306 867 322 912 4
357 845 459 908 maior
486 841 621 928 Scythia
649 851 792 908 vocatur.
844 844 928 908 hanc
954 842 1108 908 Iordanes

306 969 320 1016 o
358 947 598 1034 cronographus
638 947 672 1010 in
707 945 839 1012 modum
877 948 969 1034 fungi
1011 948 1109 1013 scari-

306 1075 320 1118 s
355 1050 457 1134 phum
474 1073 545 1116 esse
561 1049 653 1130 dixit,
674 1044 826 1134 ipsosque
842 1048 1003 1116 Chazaros
1020 1051 1110 1138 Aga·

306 1178 320 1224 7
357 1175 448 1217 zaros
476 1154 663 1218 nominavit.
714 1154 792 1219 item
820 1156 1021 1236 Amazonas,
1054 1154 1109 1220 ubi

305 1280 320 1326 a
357 1279 430 1337 eas,
461 1265 575 1341 postea
600 1279 749 1343 egressae
775 1269 852 1324 sunt
881 1257 922 1324 de
946 1259 1109 1325 montibus

306 1385 320 1429 9
358 1356 543 1442 Caucaseis,
581 1362 758 1445 antiquitus
794 1385 923 1427 manere
960 1363 1108 1451 legimus.

289 1485 320 1532 10
357 1464 448 1528 iuxta
470 1464 607 1530 eundem
633 1487 760 1550 quoque
784 1465 951 1532 Oceanum
975 1468 1108 1532 confinis

289 1594 319 1637 11
357 1567 501 1632 eiusdem
524 1567 677 1634 Colchiae
699 1570 840 1656 regionis
867 1570 974 1655 patria
996 1580 1046 1636 est
1068 1570 1109 1635 ab

289 1697 321 1742 1a
357 1673 534 1755 antiquitus
565 1673 768 1738 Amazonum
802 1671 906 1754 dicta,
938 1682 1110 1758 postquam
1172 1701 1175 1710 ’

288 1799 320 1845 la
358 1799 411 1840 eas
442 1775 481 1842 de
506 1773 679 1843 Caucaseis
708 1776 871 1842 montibus
900 1777 1004 1842 exisse
1029 1778 1111 1863 legi-

288 1903 321 1948 14
356 1903 439 1944 mus.
481 1880 597 1945 deinde
613 1881 720 1968 tangit
735 1879 922 1945 Roxolanos
934 1877 1109 1946 Sarmatos.

234 2032 238 2038 -
288 2005 319 2052 15
390 1982 464 2052 126.
520 1984 603 2049 Item
636 2007 695 2070 per
727 1981 921 2049 Sardonium
953 1984 1110 2066 intimavi,

195 2139 202 2154 r
288 2110 320 2155 1s
358 2088 414 2170 qui
441 2089 540 2152 refert
567 2087 655 2172 quod
683 2095 758 2173 post
784 2086 870 2150 hano
891 2084 1111 2152 Sarmatorum

288 2215 320 2259 17
356 2191 493 2274 patriam
523 2188 675 2256 Oceanus
708 2190 935 2278 innavigabilis
965 2192 1018 2256 sit.
1070 2215 1110 2256 ex

288 2317 320 2362 18
358 2293 449 2358 ouius
477 2304 584 2359 autem
612 2292 791 2360 Sarmatiae
824 2294 989 2360 montibus
1018 2296 1111 2382 plura

665 2483 699 2545 cf.
711 2484 770 2530 nav.
784 2485 835 2530 rsa
856 2486 925 2544 seq..
938 2485 988 2532 aar
1010 2453 1073 2546 riq.

806 2556 858 2601 200
877 2557 940 2615 5sq.

392 2519 484 2565 codices
502 2518 551 2579 osv.

360 2672 372 2715 1
401 2668 616 2730 speciosissimas.
680 2670 695 2716 2
723 2669 831 2730 planitiis
850 2670 886 2716 bo.
941 2672 956 2716 3
984 2673 1067 2730 spacia
1081 2670 1107 2732 f.

356 2741 366 2786 ΙΙ
380 2742 477 2799 gazaris
494 2756 515 2785 o.
583 2742 598 2788 4
623 2741 710 2788 scithia
728 2739 763 2801 bf.
837 2743 850 2786 5
880 2742 1064 2802 corriographus
1081 2740 1109 2802 f,

356 2812 541 2870 chonographus
560 2811 581 2869 b,
610 2813 797 2871 cosmographus
814 2811 874 2858 Rara
931 2814 944 2858 6
974 2811 1107 2870 chazaros]

357 2895 457 2940 gazaros
484 2897 505 2928 v.
570 2885 585 2929 8
613 2885 711 2941 postea}
730 2887 859 2941 postquam
885 2883 945 2928 Rau.
1011 2885 1024 2929 9
1054 2897 1110 2929 oau-

358 2954 419 2998 oasis
436 2967 458 2998 v.
491 2953 500 2997 ΙΙ
535 2967 630 2999 manare
649 2968 670 3008 o,
690 2953 763 2998 luisse
779 2953 839 2998 Rau.
908 2953 939 2999 10
959 2951 1109 3014 eandemhf.

357 3023 366 3067 ll
380 3035 510 3069 occeanum
529 3022 565 3084 bf.
635 3026 664 3068 11
691 3021 800 3070 cholchis
824 3021 859 3083 bf.
934 3026 963 3069 11
987 3025 1018 3070 12
1047 3025 1111 3071 anti·

357 3095 438 3151 quitus
457 3095 488 3140 ab
507 3109 528 3152 v,
553 3095 702 3153 abantiquis
719 3093 827 3140 Roa29
847 3094 889 3139 19.
945 3095 978 3140 14
997 3109 1041 3142 rex
1059 3095 1109 3142 ola-

356 3178 400 3210 nos
418 3179 439 3210 v.
497 3166 527 3212 15
552 3166 680 3212 sardonum
698 3179 720 3210 v.
749 3165 758 3210 ΙΙ
784 3166 907 3221 intimavi}
927 3166 1033 3212 indicavi
1048 3167 1108 3212 Rau.

358 3236 389 3280 16
418 3236 471 3294 quil
496 3237 554 3294 quid
580 3251 601 3281 o.
685 3238 716 3282 17
745 3241 851 3282 occeani
875 3235 896 3293 t,
930 3249 1058 3284 occeanum
1081 3234 1107 3296 s.

359 3307 389 3351 18
418 3308 532 3352 sarmacia
553 3305 578 3366 f.
