2562 3996
279 403 333 457 488

301 577 312 620 1

300 679 313 723 2

299 783 313 827 3

299 885 315 930 4

501 552 597 615 Blera

501 656 653 720 Tuscana

505 759 691 823 Maternum

501 860 664 943 Saturnia,
693 883 775 944 quae
799 861 1005 948 coniungitur
1033 885 1105 928 cum
1175 867 1181 874 '

299 988 313 1034 s
350 967 510 1031 territorio
533 967 672 1030 civitatis
688 987 769 1048 quae
792 964 909 1029 dicitur
924 966 980 1030 Ad
995 989 1105 1048 novas,

300 1092 313 1136 c
351 1093 433 1154 quae
457 1079 506 1134 est
529 1077 564 1133 ut
586 1067 804 1154 praediximus
822 1071 912 1134 iuxta
926 1072 1105 1158 mareTyr-

299 1197 313 1240 τ
350 1197 474 1255 renum,
498 1173 585 1257 quod
608 1183 641 1237 et
663 1172 837 1240 Gallicum.
885 1195 886 1198 ’

299 1301 314 1345 8

300 1404 313 1448 9

283 1509 313 1552 10

283 1612 312 1657 11

282 1717 313 1762 12

366 1277 449 1341 Item
456 1276 577 1340 ibidem
585 1279 676 1342 iuxta
682 1277 820 1342 Romam
827 1279 940 1343 civitas
953 1289 1003 1344 est
1008 1279 1106 1344 Nova

501 1379 653 1448 Sabbatis

501 1487 587 1550 Foro
609 1484 755 1571 Flogdis.

379 1589 431 1658 51.
469 1591 553 1655 Item
567 1591 658 1654 iuxta
668 1589 840 1654 Luceriam
857 1601 889 1655 ei
904 1613 1000 1675 quam
1014 1615 1103 1676 prae·

351 1694 495 1774 diximus
512 1693 656 1758 Ecanam
686 1692 728 1757 ad
751 1703 875 1779 partem
898 1695 1036 1760 Tusciae
1061 1695 1105 1758 ci·

281 1821 312 1866 1a
349 1800 432 1864 vitas
455 1807 506 1864 est

282 1927 313 1971 14

281 2029 312 2075 15

282 2133 313 2177 10

283 2235 313 2280 17

282 2338 313 2383 18

281 2441 313 2486 19

281 2543 312 2588 20

281 2647 311 2692 21

500 1901 645 1968 Sutrium

501 2006 703 2093 Magnensis‚
725 2007 802 2070 item

501 2111 623 2174 Forum
647 2107 752 2174 Cassii

501 2213 648 2279 Veturbo

499 2319 657 2383 Balneum
679 2317 765 2403 regis

499 2421 684 2487 Urbeveius

500 2525 646 2590 Vulsinis

402 2689 404 2693 ,
500 2629 604 2694 Pallia

387 2793 478 2838 codices
497 2790 569 2852 bfmr.
795 2789 828 2850 cf.
841 2792 900 2836 Rau.
915 2790 965 2835 281
986 2789 1019 2834 13
1032 2805 1066 2849 sq.

352 2899 522 2944 limatumum
534 2897 561 2958 f.
617 2899 632 2942 4
658 2897 766 2942 saturnia
778 2895 804 2956 s,
832 2901 938 2942 saturini
957 2897 978 2941 b.
1035 2897 1048 2940 6
1077 2903 1104 2940 ut

350 2967 644 3030 praediximuslcf.171
666 2969 707 3013 10.
735 2967 745 3013 ΙΙ
771 2969 885 3013 tirrenum
892 2965 918 3028 f,
938 2968 1039 3012 tirenum
1057 2981 1102 3010 mr.

351 3042 365 3085 8
393 3039 477 3096 Nova}
498 3055 564 3086 roma
590 3055 612 3084 r.
688 3040 718 3083 10
746 3037 807 3083 Foro
826 3037 937 3096 Flogdis]
962 3043 997 3082 eat
1017 3037 1103 3082 Forum

351 3109 429 3158 Clodi.
486 3113 515 3156 11
540 3111 666 3156 Luceriam
683 3115 708 3155 et
720 3123 792 3166 quam
804 3109 969 3166 praediximus
981 3107 1101 3163 Ecanaml

350 3183 495 3228 territorium
518 3182 623 3227 civitatis
646 3194 718 3238 quam
736 3180 844 3238 superius
863 3181 968 3224 diximus
987 3179 1104 3224 Buccuuis

349 3253 409 3297 Rau.
437 3253 447 3299 ΙΙ
472 3253 650 3312 praediximus]
672 3248 772 3310 afim
790 3249 825 3294 19
848 3250 888 3295 ubi
910 3257 974 3295 recle
992 3249 1102 3295 Baeanis.

353 3324 383 3367 12
397 3324 516 3380 Eranam}
531 3329 626 3369 etanam
634 3320 660 3382 f.
700 3322 730 3367 15
744 3323 888 3380 maginensis
896 3336 918 3377 r,
931 3321 1060 3366 manicnsis
1072 3335 1102 3377 m,

350 3395 503 3451 mangneusis
531 3393 553 3438 b.
614 3395 645 3438 19
674 3393 801 3439 urbsvetus
828 3407 871 3448 mr,
909 3392 1054 3438 norbevetus
1081 3391 1102 3436 b.

352 3463 383 3507 20
413 3463 521 3510 vulsinus
533 3462 559 3523 f,
586 3463 695 3510 vulsinus
714 3465 790 3524 (corr.
808 3462 921 3520 vulsinis]
941 3462 962 3507 b.
