2872 4210
359 552 395 608 ³8
1117 556 1130 606 1
1150 559 1180 606 17

379 721 392 766 1
429 699 570 785 migatur
585 699 675 764 iuxta
689 699 766 766 litus
781 699 878 764 maris
893 699 933 764 ab
949 698 1022 766 Iero
1038 710 1070 766 el
1087 699 1184 768 Chol-

336 879 338 884 !
377 825 392 870 2
430 801 583 868 daeorum
594 811 680 868 terra
694 825 796 886 usque
812 801 854 866 sd
864 802 1025 868 Lazorum
1036 805 1183 890 patriam,

377 930 391 976 s
428 906 604 972 revolvitur
619 915 726 972 autom
741 905 782 970 ab
797 905 912 986 Asilio,
927 905 1083 994 Avasgia,
1098 907 1184 974 Pha-

325 1015 330 1024 '
374 1034 392 1080 4
428 1011 564 1096 nugoria
586 1031 687 1094 usque
703 1009 888 1094 Vosporum
902 1009 954 1072 vel
970 1007 1183 1076 Chersonesi

376 1137 390 1183 n
427 1136 530 1197 usque
545 1115 712 1179 introitum
723 1111 868 1176 Danubii
882 1111 1021 1178 fluminis
1036 1114 1070 1178 in
1085 1137 1181 1180 mare.

375 1241 390 1286 o
472 1217 603 1281 Tertius
627 1216 730 1280 oolfus
753 1223 803 1280 est
820 1215 1040 1298 occidentalis,
1062 1219 1119 1302 qui
1132 1239 1182 1282 re·

375 1345 389 1390 7
427 1320 568 1405 migatur
590 1319 680 1384 iuxta
701 1319 777 1383 litus
800 1320 897 1385 maris
921 1343 940 1384 a
961 1320 1033 1385 looo
1056 1322 1112 1405 qui
1134 1320 1182 1386 di·

374 1447 389 1492 e
428 1422 512 1486 citur
527 1421 645 1506 Diana,
669 1425 723 1508 qui
746 1431 796 1488 est
814 1422 874 1487 sub
889 1424 1103 1506 Duraohium‚
1124 1447 1182 1510 per

375 1555 389 1599 9
426 1525 619 1611 Dalmatius,
641 1527 772 1594 Istriam
795 1536 827 1590 et
842 1526 1007 1592 Venetias.
1046 1528 1182 1592 revolvi-

357 1660 388 1705 10
425 1640 479 1694 tur
493 1630 649 1718 Esperius
674 1631 777 1696 oolfus
793 1629 833 1694 ab
849 1631 962 1694 Altino
979 1639 1011 1694 et
1026 1629 1182 1696 Ravenna

357 1763 387 1808 11
425 1756 483 1818 per
511 1735 592 1798 fines
619 1734 833 1818 Pentapoleos
856 1732 1122 1818 Spoleianeorum
1149 1744 1182 1800 et

357 1866 388 1910 12
424 1836 727 1902 Beneventanorum
749 1857 851 1920 usque
864 1835 1030 1919 Veretum,
1048 1838 1109 1922 ‘qui
1132 1847 1182 1904 est

356 1969 388 2012 13
426 1962 526 2026 super
548 1939 708 2004 Ydranta.

357 2072 389 2117 14
470 2041 615 2125 Quartus
640 2044 742 2110 oolfns
759 2040 917 2125 Gallicus,
940 2044 995 2128 qui
1013 2045 1182 2110 inchoatur

357 2174 387 2221 15
425 2171 444 2212 a
467 2149 597 2213 civitate
613 2148 718 2234 Regio
742 2155 774 2210 et
796 2147 972 2234 remigatur
993 2148 1083 2212 iuxta
1104 2149 1180 2214 litus

356 2282 387 2326 15
424 2253 522 2318 maris
557 2250 808 2337 spatiosissimas
841 2249 1021 2334 nobilisque
1056 2251 1181 2333 Italiae,

356 2384 387 2428 17
426 2355 584 2420 circuiens
609 2378 628 2418 a
650 2353 799 2418 Marsilia
813 2351 1030 2438 septimaniae
1052 2378 1110 2440 per
1132 2364 1181 2419 to-

427 2533 439 2577 1
469 2533 543 2579 Hiero
563 2533 631 2588 editu
647 2529 728 2598 Ἱερόν
748 2535 771 2578 in
790 2547 835 2578 oro
846 2534 950 2591 Bospori
965 2531 1068 2589 Thracii,
1088 2531 1121 2592 cf.
1135 2533 1181 2578 Po-

425 2601 474 2662 lyb.
489 2605 503 2648 4
523 2603 557 2650 39
577 2603 624 2660 43,·
644 2617 757 2663 magnum
771 2609 898 2663 angrrstum
912 2605 977 2662 quod
989 2603 1080 2650 Hieron
1094 2604 1182 2650 dicitur

425 2673 515 2730 Gurdo·
534 2673 568 2734 cs.
582 2674 659 2720 Urion
673 2673 741 2734 infra
759 2674 813 2720 Vs.
826 2676 836 2720 ii
853 2674 989 2720 caldeorum
1001 2675 1037 2731 B,·
1050 2673 1084 2736 cs.
1094 2675 1121 2720 Il
1139 2675 1180 2720 16.

425 2745 440 2790 8
468 2745 563 2792 Absilia
580 2745 620 2791 IV
635 2746 664 2800 1,·
690 2743 793 2806 >lurica
812 2745 943 2792 Menander
961 2746 1037 2802 Proi„
1063 2747 1181 2808 Ἀψίλιυι

423 2815 527 2875 Procop.
546 2816 556 2862 ΙΙ
576 2815 694 2875 Avasgisi
710 2815 819 2876 Abasgia
836 2817 909 2874 1112,
926 2811 1060 2881 'Assaoyta
1077 2815 1180 2875 Procop.

424 2885 598 2946 iiphonogoria
615 2888 644 2932 A.
701 2887 717 2932 4
744 2892 770 2933 et
787 2902 831 2933 om.
851 2888 873 2933 B
892 2887 955 2932 editi.
1013 2888 1027 2932 6
1055 2885 1139 2933 ooliius
1150 2887 1180 2932 A.

425 2958 440 3003 8
476 2957 568 3015 Diana}
597 2955 630 3019 cs.
661 2957 741 3004 Diana
768 2957 851 3004 1⁷13.
887 2958 897 3002 ii
933 2957 1092 3015 Dyrrachium
1115 2957 1180 3003 odiri.

398 3041 404 3048 ¹
426 3029 440 3073 9
468 3029 569 3088 ystriurn
587 3029 636 3076 AB.
712 3029 743 3074 10
772 3027 903 3087 Hesperius
927 3027 991 3072 editi.
1015 3027 1025 3072 11
1050 3027 1134 3074 oolfius
1151 3028 1180 3085 A,

424 3097 479 3158 oolp
498 3099 527 3144 Β.
608 3101 638 3146 11
669 3099 848 3158 spoleanrorum
866 3099 895 3144 A.
975 3098 1006 3142 12
1036 3098 1182 3145 benovento·

424 3183 510 3215 norum
529 3171 557 3216 A.
633 3171 664 3216 13
697 3169 827 3228 Hydrunte
850 3169 914 3214 odiri.
989 3168 1021 3214 14
1048 3168 1133 3216 cullius
1151 3170 1180 3214 A.

423 3239 538 3299 ligulious
558 3242 586 3286 A.
648 3241 679 3286 16
707 3239 892 3298 spotiossissime
914 3237 944 3284 Β.
972 3237 982 3283 ΙΙ
1009 3238 1133 3298 nobilique
1150 3240 1180 3286 A.

423 3310 434 3356 li
446 3309 521 3370 ytalie
540 3312 569 3357 A.
645 3312 676 3357 17
705 3310 813 3354 circuens
829 3310 859 3364 B,
880 3309 1005 3356 circuiiens
1024 3309 1089 3356 editi.
1107 3311 1117 3355 ii
1138 3308 1181 3356 Se·

423 3381 562 3440 ptimanisel
578 3380 728 3440 SeptImnnia
740 3381 810 3425 stiam
819 3379 940 3426 Einhardi
948 3377 1037 3425 Arnai.
1048 3395 1104 3426 ann.
1112 3380 1179 3438 -793;

423 3450 531 3498 Annales
549 3453 676 3498 Mensores
696 3465 752 3496 ann.
767 3449 831 3506 737,-
848 3450 972 3496 Prudemir'
992 3449 1111 3498 Troesmis
1132 3453 1180 3498 Arr-

422 3521 474 3567 παῖ.
494 3536 550 3567 ano.
570 3522 620 3568 835
634 3528 657 3567 et
671 3521 730 3578 839,
751 3519 883 3580 Septimnni
902 3519 976 3568 Melo.
