2710 4004
362 380 416 434 388
1108 387 1182 436 vlt

378 553 391 597 1
429 529 577 614 portione
591 529 693 595 Asiae
716 539 902 596 evenenmt.
947 553 1022 596 nam
1038 533 1183 617 praefata

378 655 393 700 n
429 634 535 720 portio
551 630 655 699 Cham
677 644 748 699 anta
770 633 812 699 ad
826 657 914 699 mare
927 657 1081 723 magnum
1094 636 1184 702 Afri-

378 759 393 804 a
431 759 489 802 uae
510 759 613 821 usque
635 738 669 802 in
692 734 860 802 Oceanum
874 737 1091 804 Mauiitaniue
1113 761 1184 804 esse

378 860 395 905 4
431 841 650 929 dignoscitnr3
676 839 735 906 sed
757 842 861 928 magis
883 842 917 905 in
938 841 1185 929 longitudinem,

379 964 393 1010 n
430 944 466 1010 id
488 954 538 1011 est
560 968 581 1010 a
595 944 829 1030 suprascripta
842 945 1081 1027 Rinoaururon‚
1103 968 1185 1030 quae

380 1066 395 1112 s
432 1058 482 1115 est
495 1050 580 1114 inter
594 1048 812 1114 Palaestinam
824 1058 857 1114 et
867 1049 1068 1136 Aegyptum,
1081 1071 1184 1133 usque

379 1169 394 1214 7
432 1152 474 1217 ad
495 1153 614 1218 fretum
628 1149 951 1238 Septemgaditanum
971 1151 1184 1238 protenditur,

351 1329 353 1333 ,
380 1270 395 1315 8
431 1265 466 1322 et
487 1255 561 1322 ideo
583 1256 676 1340 quasi
696 1278 779 1341 pene
802 1257 943 1340 quinque
958 1256 1056 1321 horae
1071 1254 1136 1320 diei
1150 1256 1184 1321 in

380 1373 395 1417 ⁹
432 1359 546 1425 eadem
566 1359 681 1425 Africa
703 1369 895 1445 supputatae
916 1368 1004 1426 sunt.
1048 1382 1123 1424 nam
1144 1359 1185 1424 de

364 1474 396 1520 1⁰
433 1485 531 1549 supra
553 1462 674 1548 scriptu
688 1462 820 1550 Europa
842 1473 875 1528 et
896 1461 1083 1529 multotiens
1098 1462 1186 1528 dicta

365 1579 396 1624 11
433 1568 516 1633 Asia
544 1576 578 1632 et
600 1589 698 1652 supra
727 1567 849 1653 scripta
870 1567 995 1649 Africa,
1024 1566 1185 1651 quomodo

365 1681 397 1727 11
434 1680 491 1736 aut
519 1671 657 1756 qualiter
684 1681 864 1756 ponuntur,
896 1668 1027 1737 Christe
1055 1672 1186 1736 iuvante

366 1785 397 1831 18
433 1777 498 1840 iam
519 1773 670 1840 subtilius
692 1796 791 1859 supra
811 1775 1028 1860 exposuimus.

366 1889 398 1934 14
477 1878 626 1944 Diversis
641 1877 760 1942 etenim
774 1877 1037 1943 altercationibus
1052 1879 1187 1964 expletis

366 1990 397 2036 15
434 1981 653 2048 necessarium
680 1979 830 2047 (luximus
859 1980 1105 2068 supponendum
1131 1980 1189 2047 do·

366 2094 398 2140 16
437 2087 574 2152 ctrinam
595 2083 703 2150 adhuc
729 2108 826 2171 super
848 2085 966 2169 quibus
987 2085 1102 2150 insulis
1123 2094 1188 2151 tra·

367 2197 399 2241 1⁷
437 2189 524 2270 dere,
546 2187 762 2272 ductilemque
776 2199 810 2254 te
825 2212 866 2254 ex
880 2189 1029 2255 omnibus
1044 2189 1189 2271 reddere,

367 2299 399 2344 1⁸
437 2303 474 2360 ut
495 2293 617 2379 possis,
647 2293 748 2357 amice
771 2294 951 2376 carissime,
974 2315 1048 2358 cnm
1070 2291 1189 2381 gaudio

439 2602 452 2646 1
481 2599 595 2658 porcione
614 2597 643 2642 B.
709 2598 724 2643 2
753 2600 837 2658 porcio
855 2599 904 2647 Bc.
940 2601 951 2646 ll
985 2603 1038 2647 niti
1055 2600 1085 2656 Β,
1113 2604 1189 2645 urtam

437 2670 503 2717 aditi.
571 2670 587 2714 4
615 2668 749 2715 dinoscitur
765 2668 812 2717 Ac.
849 2671 860 2717 ΙΙ
893 2678 931 2719 set
948 2672 979 2718 B.
1014 2670 1025 2716 ΙΙ
1057 2668 1190 2729 longitudi-

437 2743 504 2797 nem}
532 2739 662 2786 latitudine
688 2739 711 2785 B
737 2739 803 2787 editi.
869 2742 883 2788 t
911 2744 1080 2788 rinocurruron
1098 2742 1126 2798 A,
1157 2739 1189 2785 ri-

437 2824 591 2859 noenrrunon
611 2808 636 2856 0.
704 2811 717 2856 7
746 2813 975 2873 septa-gaditanum
992 2809 1040 2859 ΑΒ.
1077 2811 1087 2857 ΙΙ
1120 2823 1190 2870 praa·

437 2882 545 2929 tenditur
555 2882 584 2940 Β,
604 2881 752 2940 pretenditur
765 2882 790 2930 0.
845 2885 859 2930 9
882 2883 990 2931 affricam
1006 2883 1036 2929 Δ.
1092 2883 1124 2928 10
1142 2881 1192 2928 Eu·

356 2950 359 2957 '
439 2954 585 3012 rapa-11
613 2965 688 3012 supra
710 2953 802 3014 scripta
824 2967 869 3000 om.
888 2954 975 3002 Paret.
1044 2953 1075 2998 10
1103 2951 1191 2999 multo-

439 3025 505 3070 eians
524 3021 549 3072 0.
611 3025 642 3069 11
667 3027 703 3081 st]
721 3024 761 3071 val
779 3024 824 3071 AB
841 3025 906 3072 editi.
924 3026 935 3072 ll
957 3038 1029 3085 snper
1047 3023 1122 3070 Gran.
1131 3024 1156 3069 1.
1166 3022 1190 3069 2.

443 3095 473 3140 12
501 3100 607 3154 ponatur
625 3093 689 3140 editi.
746 3098 778 3143 13
803 3103 860 3155 post
870 3097 1027 3157 exposuimus
1040 3093 1125 3142 codd
1137 3108 1193 3155 pro-

439 3165 512 3223 lngus
537 3167 642 3211 auctoris
664 3179 736 3225 super
759 3167 903 3227 quibusdam
925 3167 1011 3214 insulis
1031 3166 1192 3226 designandis.

445 3238 476 3281 14
506 3236 611 3282 diversas
629 3237 673 3281 AB
691 3237 756 3283 editi.
792 3238 802 3283 ΙΙ
836 3238 1004 3286 altercationes
1024 3237 1133 3296 expletas
1150 3236 1194 3282 AB

443 3306 508 3351 editi.
564 3308 595 3352 15
614 3309 774 3354 necessarium
789 3338 821 3350 -
835 3311 884 3356 389
905 3311 919 3356 3
939 3322 1002 3356 nunc
1021 3322 1064 3354 om.
1075 3308 1119 3353 ΑΒ
1130 3307 1194 3353 editi.

448 3378 479 3422 18
507 3377 631 3422 karissime
652 3374 675 3425 (Ἰ,
