2872 4210
363 567 401 622 36
557 607 566 628 .
1124 565 1187 614 111

384 739 398 786 1
435 715 572 796 locatur,
595 735 788 797 quamquam
810 710 971 776 mediante
994 733 1092 776 verno
1109 719 1190 776 tem-

382 840 399 888 2
435 839 514 904 pore
537 840 600 882 nox
623 817 727 882 minor
749 814 802 880 die
825 813 1071 880 demonstratur.

383 943 399 990 a
470 918 522 988 ld.
574 918 662 986 Nam
697 929 731 984 et
762 919 833 1004 ipsa
860 917 992 1002 Europa
1024 920 1191 1006 angustior

322 1011 330 1026 ⁸
383 1044 401 1090 4
436 1047 533 1110 quam
548 1023 662 1088 Afiica
685 1045 755 1088 esse
771 1020 959 1102 dinoscitur,
981 1032 1102 1105 quanto
1123 1045 1191 1088 ma-

384 1145 399 1192 1
437 1129 488 1215 gis
510 1126 677 1212 praedicta
691 1124 773 1188 Asia
787 1123 1014 1210 angustissima
1029 1147 1099 1192 esse
1116 1148 1191 1211 pro-

384 1247 400 1294 c
436 1230 549 1312 batur,
578 1238 611 1296 et
633 1227 711 1294 dum
738 1235 787 1292 est
809 1227 880 1312 ipsa
899 1227 1031 1314 Europa
1059 1237 1130 1294 arta
1156 1229 1190 1294 in

384 1354 399 1400 7
436 1334 509 1400 loco
531 1330 743 1418 protenditur.
787 1339 820 1394 et
835 1331 863 1398 si
877 1330 940 1396 hoc
954 1331 1125 1415 inquisitor
1145 1332 1191 1396 le·

385 1456 401 1504 8
438 1437 554 1502 ctionis
577 1433 748 1516 distulerit,
770 1435 822 1500 vel
836 1434 1011 1520 prudenter
1025 1434 1191 1500 ambulan-

385 1563 400 1610 a
436 1549 487 1606 tes
509 1540 596 1604 viros
618 1538 805 1625 interroget,
828 1537 1096 1622 quemadmodum
1111 1537 1191 1604 dici-

368 1666 401 1712 lo
437 1667 526 1708 mus:
548 1641 693 1728 praefata
721 1642 805 1706 enim
827 1641 959 1727 Europa
980 1642 1069 1706 nullo
1095 1641 1191 1708 modo

368 1773 400 1818 11
437 1746 515 1812 alibi
537 1745 673 1831 amplius
689 1743 842 1810 dilatatur
863 1769 883 1810 a
904 1746 985 1810 mari
1005 1767 1123 1832 magno
1137 1769 1191 1812 us-

369 1875 401 1922 ia
438 1873 502 1935 que
525 1849 567 1914 ad
582 1847 750 1916 Oceanum
772 1849 836 1914 nisi
857 1847 900 1912 ad
920 1849 1040 1934 patrias
1057 1850 1192 1916 Dalma-

368 1977 401 2026 18
437 1954 514 2035 tiae,
537 1976 619 2038 quae
641 1955 773 2040 ponitur
786 1961 823 2018 nt
839 1951 978 2018 diximus
993 1975 1090 2039 super
1103 1977 1191 2020 mare

369 2079 403 2128 14
438 2081 602 2148 magnum.
641 2081 723 2142 quae
737 2057 843 2143 patria
857 2056 1032 2139 Dalmatia,
1046 2057 1191 2142 quamvis

369 2183 401 2232 15
437 2161 473 2228 in
494 2160 601 2228 medio
624 2163 689 2228 sint
716 2161 861 2226 diversae
883 2161 1022 2245 patriae,
1050 2161 1192 2226 attamen

368 2285 402 2332 16
437 2274 527 2333 recto
549 2266 663 2330 itinere
679 2265 811 2350 respicit
829 2262 871 2328 ad
885 2263 1036 2344 Daniam,
1058 2285 1140 2346 quae
1155 2272 1192 2328 ut

369 2391 401 2436 11
437 2367 578 2436 diximus
601 2370 692 2434 iuxta
714 2367 838 2434 Oceani
859 2367 936 2432 litus
957 2367 1097 2452 ponitur.
1149 2397 1151 2406 ¹

369 2479 432 2538 rs'o
483 2471 566 2538 Asia
586 2493 663 2536 vero
686 2471 880 2557 amplissime
902 2469 1056 2536 dilatatur
1077 2493 1097 2536 a
1117 2494 1192 2557 pro-

369 2595 402 2644 19
438 2574 547 2640 vincia
558 2573 715 2661 Bithynia
726 2576 831 2662 patria
846 2583 883 2640 ut
893 2573 1047 2652 diximus3
1062 2576 1194 2660 ponitur

369 2699 403 2745 1ο
439 2701 537 2764 super
550 2701 638 2744 mare
652 2702 805 2767 magnum
815 2677 851 2744 id
861 2687 911 2744 est
921 2687 1095 2765 augustum
1106 2678 1194 2763 quod

439 2902 456 2946 4
483 2901 567 2948 affrica
584 2901 614 2948 B.
688 2903 702 2948 b
731 2901 855 2961 praedicta
869 2898 941 2956 Asis}
961 2899 999 2948 dic
1012 2898 1117 2959 'prim
1135 2901 1194 2948 Aeta

438 2973 583 3018 nominator.
679 2974 693 3018 7
725 2972 890 3030 praetenditur
911 2971 941 3016 B.
1041 2973 1055 3018 8
1087 2973 1192 3031 pruden-

439 3047 476 3090 tcs
502 3044 531 3091 A·
638 3043 670 3090 10
698 3043 762 3088 enim
793 3055 838 3088 om.
862 3041 927 3088 cdiii.
1028 3045 1059 3090 11
1088 3043 1193 3103 amplius

438 3111 500 3160 alibi
523 3114 552 3160 Δ.
627 3114 659 3159 13
687 3118 810 3184 ponuptur
829 3113 860 3158 B.
890 3112 901 3160 ΙΙ
931 3117 959 3160 nt
981 3113 1100 3170 diximus}
1124 3117 1193 3160 immo

437 3181 501 3230 111111
513 3183 542 3230 de
553 3185 617 3230 mari
628 3198 714 3244 mayoc
727 3198 756 3242 p.
770 3184 803 3230 28
822 3185 864 3232 11.
947 3185 980 3232 14
1008 3189 1077 3244 quael
1097 3199 1146 3245 qna
1162 3186 1193 3231 B.

441 3255 474 3300 16
493 3255 653 3311 utdiximusl
673 3252 707 3316 qs.
721 3255 755 3302 28
773 3255 797 3302 1.
854 3257 886 3304 18
904 3257 1026 3317 provintia
1036 3257 1067 3302 B.
1106 3259 1137 3304 19
1156 3257 1194 3303 bi-

439 3325 527 3384 thynia
543 3326 572 3384 A,
600 3325 705 3372 bithinia
725 3327 756 3385 B,
783 3327 913 3388 Bithyniae
936 3327 1000 3374 editi.
1028 3327 1038 3374 il
1063 3328 1142 3387 patrii
1164 3329 1192 3384 A,

439 3396 520 3456 patrii
537 3396 567 3454 B,
586 3397 679 3455 patr-iae
698 3411 758 3456 quae
777 3398 842 3444 aditi.
869 3399 879 3444 ΙΙ
904 3403 932 3444 ut
950 3399 1069 3454 diximus]
1089 3400 1109 3446 ir
1128 3397 1194 3445 locris

440 3467 466 3512 ia
479 3467 605 3525 prioribus
622 3481 670 3512 aon
688 3470 817 3524 investitum
835 3467 968 3527 cf.1119.
1045 3469 1077 3514 20
1106 3469 1192 3524 idest}

440 3536 506 3583 idem
524 3537 589 3584 editi.
612 3537 623 3583 ΙΙ
647 3539 724 3595 quod}
743 3538 785 3596 qui
802 3537 853 3582 AB.
