<?xml version="1.0" encoding="UTF-8"?>
<!DOCTYPE html PUBLIC "-//W3C//DTD XHTML 1.0 Transitional//EN"
    "http://www.w3.org/TR/xhtml1/DTD/xhtml1-transitional.dtd">
<html xmlns="http://www.w3.org/1999/xhtml" xml:lang="en" lang="en">
 <head>
  <title>
</title>
<meta http-equiv="Content-Type" content="text/html;charset=utf-8" />
  <meta name='ocr-system' content='tesseract 3.04.00' />
  <meta name='ocr-capabilities' content='ocr_page ocr_carea ocr_par ocr_line ocrx_word'/>
</head>
<body>
  <div class='ocr_page' id='page_1' title='image "./ravennatisanony00ravegoog_0460.png"; bbox 0 0 2710 4004; ppageno 0'>
   <div class='ocr_carea' id='block_1_1' title="bbox 211 1413 1037 2876">
    <p class='ocr_par' dir='ltr' id='par_1_1' title="bbox 211 1413 1037 2560">
     <span class='ocr_line' id='line_1_1' title="bbox 232 1413 1036 1510; baseline 0.001 -3"><span class='ocrx_word' id='word_1_1' title='bbox 232 1462 244 1507; x_wconf 94' lang='lat'>1</span> <span class='ocrx_word' id='word_1_2' title='bbox 315 1437 346 1508; x_wconf 92' lang='lat'>1.</span> <span class='ocrx_word' id='word_1_3' title='bbox 392 1413 487 1510; x_wconf 74' lang='lat' dir='ltr'>Cum</span> <span class='ocrx_word' id='word_1_4' title='bbox 514 1443 599 1509; x_wconf 81' lang='lat' dir='ltr'>inter</span> <span class='ocrx_word' id='word_1_5' title='bbox 625 1465 736 1510; x_wconf 86' lang='lat' dir='ltr'>omnes</span> <span class='ocrx_word' id='word_1_6' title='bbox 765 1444 911 1510; x_wconf 89' lang='lat' dir='ltr'>homines</span> <span class='ocrx_word' id='word_1_7' title='bbox 933 1442 1036 1508; x_wconf 86' lang='lat' dir='ltr'>socie-</span> 
     </span>
     <span class='ocr_line' id='line_1_2' title="bbox 230 1546 1035 1634; baseline 0 -24"><span class='ocrx_word' id='word_1_8' title='bbox 230 1565 245 1610; x_wconf 78' lang='lat' dir='ltr'>s</span> <span class='ocrx_word' id='word_1_9' title='bbox 282 1554 384 1610; x_wconf 86' lang='lat' dir='ltr'>tatem</span> <span class='ocrx_word' id='word_1_10' title='bbox 406 1546 568 1630; x_wconf 90' lang='lat' dir='ltr'>quandam</span> <span class='ocrx_word' id='word_1_11' title='bbox 591 1557 706 1612; x_wconf 89' lang='lat' dir='ltr'>natura</span> <span class='ocrx_word' id='word_1_12' title='bbox 727 1549 799 1634; x_wconf 89' lang='lat' dir='ltr'>ipsa</span> <span class='ocrx_word' id='word_1_13' title='bbox 821 1547 1035 1628; x_wconf 80' lang='lat' dir='ltr'>constituerit,</span> 
     </span>
     <span class='ocr_line' id='line_1_3' title="bbox 231 1649 1035 1738; baseline 0.001 -25"><span class='ocrx_word' id='word_1_14' title='bbox 231 1669 245 1713; x_wconf 80' lang='lat' dir='ltr'>a</span> <span class='ocrx_word' id='word_1_15' title='bbox 283 1669 345 1713; x_wconf 89' lang='lat' dir='ltr'>nec</span> <span class='ocrx_word' id='word_1_16' title='bbox 372 1649 440 1714; x_wconf 87' lang='lat' dir='ltr'>ulla</span> <span class='ocrx_word' id='word_1_17' title='bbox 469 1651 537 1715; x_wconf 85' lang='lat' dir='ltr'>sine</span> <span class='ocrx_word' id='word_1_18' title='bbox 565 1651 613 1716; x_wconf 90' lang='lat' dir='ltr'>rei</span> <span class='ocrx_word' id='word_1_19' title='bbox 639 1652 692 1716; x_wconf 87' lang='lat' dir='ltr'>vel</span> <span class='ocrx_word' id='word_1_20' title='bbox 719 1675 834 1738; x_wconf 81' lang='lat' dir='ltr'>operae</span> <span class='ocrx_word' id='word_1_21' title='bbox 864 1649 1035 1715; x_wconf 83' lang='lat' dir='ltr'>collatione</span> 
     </span>
     <span class='ocr_line' id='line_1_4' title="bbox 230 1753 1037 1839; baseline -0.002 -21"><span class='ocrx_word' id='word_1_22' title='bbox 230 1771 247 1818; x_wconf 78' lang='lat'>4</span> <span class='ocrx_word' id='word_1_23' title='bbox 281 1753 386 1838; x_wconf 79' lang='lat' dir='ltr'><strong>possit</strong></span> <span class='ocrx_word' id='word_1_24' title='bbox 407 1762 554 1818; x_wconf 78' lang='lat' dir='ltr'>constare</span> <span class='ocrx_word' id='word_1_25' title='bbox 583 1755 735 1837; x_wconf 81' lang='lat' dir='ltr'>societas,</span> <span class='ocrx_word' id='word_1_26' title='bbox 763 1755 797 1819; x_wconf 89' lang='lat' dir='ltr'>in</span> <span class='ocrx_word' id='word_1_27' title='bbox 825 1754 957 1819; x_wconf 83' lang='lat' dir='ltr'>humani</span> <span class='ocrx_word' id='word_1_28' title='bbox 979 1776 1037 1839; x_wconf 81' lang='lat' dir='ltr'>ge·</span> 
     </span>
     <span class='ocr_line' id='line_1_5' title="bbox 230 1857 1034 1942; baseline -0.007 -16"><span class='ocrx_word' id='word_1_29' title='bbox 230 1878 245 1926; x_wconf 80' lang='lat' dir='ltr'>o</span> <span class='ocrx_word' id='word_1_30' title='bbox 282 1857 368 1922; x_wconf 86' lang='lat' dir='ltr'>neris</span> <span class='ocrx_word' id='word_1_31' title='bbox 383 1857 571 1922; x_wconf 84' lang='lat' dir='ltr'>societatem</span> <span class='ocrx_word' id='word_1_32' title='bbox 584 1881 692 1924; x_wconf 88' lang='lat' dir='ltr'>rerum</span> <span class='ocrx_word' id='word_1_33' title='bbox 705 1867 888 1924; x_wconf 88' lang='lat' dir='ltr'>nostrarum</span> <span class='ocrx_word' id='word_1_34' title='bbox 902 1880 1034 1942; x_wconf 88' lang='lat' dir='ltr'>operum</span> 
     </span>
     <span class='ocr_line' id='line_1_6' title="bbox 229 1959 1035 2048; baseline -0.009 -18"><span class='ocrx_word' id='word_1_35' title='bbox 229 1984 244 2030; x_wconf 81' lang='lat' dir='ltr'>s</span> <span class='ocrx_word' id='word_1_36' title='bbox 282 1969 315 2026; x_wconf 87' lang='lat' dir='ltr'>et</span> <span class='ocrx_word' id='word_1_37' title='bbox 337 1959 517 2027; x_wconf 83' lang='lat' dir='ltr'>studiorum</span> <span class='ocrx_word' id='word_1_38' title='bbox 538 1985 604 2026; x_wconf 89' lang='lat' dir='ltr'>non</span> <span class='ocrx_word' id='word_1_39' title='bbox 625 1963 789 2028; x_wconf 83' lang='lat' dir='ltr'><strong>minimam</strong></span> <span class='ocrx_word' id='word_1_40' title='bbox 810 1969 936 2048; x_wconf 89' lang='lat' dir='ltr'>partem</span> <span class='ocrx_word' id='word_1_41' title='bbox 958 1981 1035 2024; x_wconf 89' lang='lat' dir='ltr'>con-</span> 
     </span>
     <span class='ocr_line' id='line_1_7' title="bbox 229 2063 1034 2150; baseline -0.007 -18"><span class='ocrx_word' id='word_1_42' title='bbox 229 2085 244 2132; x_wconf 78' lang='grc'><strong>7</strong></span> <span class='ocrx_word' id='word_1_43' title='bbox 280 2065 365 2130; x_wconf 85' lang='lat' dir='ltr'>ferre</span> <span class='ocrx_word' id='word_1_44' title='bbox 393 2063 558 2130; x_wconf 89' lang='lat' dir='ltr'>debemus.</span> <span class='ocrx_word' id='word_1_45' title='bbox 603 2065 701 2130; x_wconf 92' lang='lat' dir='ltr'>immo</span> <span class='ocrx_word' id='word_1_46' title='bbox 728 2074 765 2131; x_wconf 91' lang='lat' dir='ltr'>ut</span> <span class='ocrx_word' id='word_1_47' title='bbox 791 2064 974 2150; x_wconf 83' lang='lat' dir='ltr'>expressius</span> <span class='ocrx_word' id='word_1_48' title='bbox 1001 2071 1034 2126; x_wconf 86' lang='lat' dir='ltr'>et</span> 
     </span>
     <span class='ocr_line' id='line_1_8' title="bbox 228 2167 1034 2250; baseline -0.007 -14"><span class='ocrx_word' id='word_1_49' title='bbox 228 2189 243 2236; x_wconf 82' lang='lat'>8</span> <span class='ocrx_word' id='word_1_50' title='bbox 281 2170 400 2234; x_wconf 80' lang='lat' dir='ltr'>certius</span> <span class='ocrx_word' id='word_1_51' title='bbox 423 2167 540 2250; x_wconf 79' lang='lat' dir='ltr'>dicam,</span> <span class='ocrx_word' id='word_1_52' title='bbox 562 2169 597 2232; x_wconf 90' lang='lat' dir='ltr'>in</span> <span class='ocrx_word' id='word_1_53' title='bbox 618 2168 777 2234; x_wconf 83' lang='lat' dir='ltr'><strong>humanae</strong></span> <span class='ocrx_word' id='word_1_54' title='bbox 791 2170 876 2233; x_wconf 89' lang='lat' dir='ltr'>vitae</span> <span class='ocrx_word' id='word_1_55' title='bbox 893 2191 1034 2233; x_wconf 87' lang='lat' dir='ltr'>commu-</span> 
     </span>
     <span class='ocr_line' id='line_1_9' title="bbox 229 2270 1033 2358; baseline -0.006 -18"><span class='ocrx_word' id='word_1_56' title='bbox 229 2295 243 2340; x_wconf 79' lang='lat' dir='ltr'>s</span> <span class='ocrx_word' id='word_1_57' title='bbox 280 2274 409 2338; x_wconf 91' lang='lat' dir='ltr'>nionem</span> <span class='ocrx_word' id='word_1_58' title='bbox 430 2273 583 2358; x_wconf 87' lang='lat' dir='ltr'>pleraque</span> <span class='ocrx_word' id='word_1_59' title='bbox 598 2283 709 2336; x_wconf 83' lang='lat' dir='ltr'>nostra</span> <span class='ocrx_word' id='word_1_60' title='bbox 722 2273 853 2358; x_wconf 83' lang='lat' dir='ltr'>negotia</span> <span class='ocrx_word' id='word_1_61' title='bbox 867 2281 900 2336; x_wconf 86' lang='lat' dir='ltr'>et</span> <span class='ocrx_word' id='word_1_62' title='bbox 915 2270 1033 2350; x_wconf 85' lang='lat' dir='ltr'>studia,</span> 
     </span>
     <span class='ocr_line' id='line_1_10' title="bbox 211 2375 1033 2461; baseline -0.007 -19"><span class='ocrx_word' id='word_1_63' title='bbox 211 2397 244 2444; x_wconf 88' lang='lat'>10</span> <span class='ocrx_word' id='word_1_64' title='bbox 281 2377 314 2440; x_wconf 92' lang='lat' dir='ltr'>in</span> <span class='ocrx_word' id='word_1_65' title='bbox 326 2385 483 2460; x_wconf 88' lang='lat' dir='ltr'>quantum</span> <span class='ocrx_word' id='word_1_66' title='bbox 492 2399 544 2441; x_wconf 90' lang='lat' dir='ltr'>res</span> <span class='ocrx_word' id='word_1_67' title='bbox 555 2384 666 2440; x_wconf 89' lang='lat' dir='ltr'>nostra</span> <span class='ocrx_word' id='word_1_68' title='bbox 675 2377 797 2461; x_wconf 84' lang='lat' dir='ltr'>patitur</span> <span class='ocrx_word' id='word_1_69' title='bbox 808 2385 840 2440; x_wconf 81' lang='lat' dir='ltr'>et</span> <span class='ocrx_word' id='word_1_70' title='bbox 850 2375 988 2439; x_wconf 85' lang='lat' dir='ltr'>facultas</span> <span class='ocrx_word' id='word_1_71' title='bbox 1001 2383 1033 2436; x_wconf 87' lang='lat' dir='ltr'>et</span> 
     </span>
     <span class='ocr_line' id='line_1_11' title="bbox 212 2478 1009 2560; baseline -0.009 -13"><span class='ocrx_word' id='word_1_72' title='bbox 212 2503 243 2547; x_wconf 88' lang='lat'>11</span> <span class='ocrx_word' id='word_1_73' title='bbox 281 2479 417 2546; x_wconf 86' lang='lat' dir='ltr'>scientia</span> <span class='ocrx_word' id='word_1_74' title='bbox 433 2481 656 2560; x_wconf 74' lang='lat' dir='ltr'>amministrat,</span> <span class='ocrx_word' id='word_1_75' title='bbox 672 2479 830 2544; x_wconf 83' lang='lat' dir='ltr'>collocare</span> <span class='ocrx_word' id='word_1_76' title='bbox 846 2478 1009 2542; x_wconf 86' lang='lat' dir='ltr'>debemus.</span> 
     </span>
    </p>

    <p class='ocr_par' dir='ltr' id='par_1_2' title="bbox 211 2582 1033 2876">
     <span class='ocr_line' id='line_1_12' title="bbox 212 2582 1032 2668; baseline -0.005 -20"><span class='ocrx_word' id='word_1_77' title='bbox 212 2605 244 2649; x_wconf 81' lang='lat'>12</span> <span class='ocrx_word' id='word_1_78' title='bbox 313 2583 344 2652; x_wconf 76' lang='grc'>2.</span> <span class='ocrx_word' id='word_1_79' title='bbox 389 2583 463 2648; x_wconf 89' lang='lat' dir='ltr'>Nec</span> <span class='ocrx_word' id='word_1_80' title='bbox 477 2583 541 2647; x_wconf 87' lang='lat' dir='ltr'>hoo</span> <span class='ocrx_word' id='word_1_81' title='bbox 556 2605 596 2647; x_wconf 83' lang='lat' dir='ltr'>ex</span> <span class='ocrx_word' id='word_1_82' title='bbox 609 2592 721 2648; x_wconf 87' lang='lat' dir='ltr'>nostra</span> <span class='ocrx_word' id='word_1_83' title='bbox 734 2583 873 2668; x_wconf 89' lang='lat' dir='ltr'>simplici</span> <span class='ocrx_word' id='word_1_84' title='bbox 883 2582 1032 2666; x_wconf 83' lang='lat' dir='ltr'>opinione</span> 
     </span>
     <span class='ocr_line' id='line_1_13' title="bbox 211 2685 1033 2772; baseline -0.005 -20"><span class='ocrx_word' id='word_1_85' title='bbox 211 2708 243 2753; x_wconf 79' lang='lat'>13</span> <span class='ocrx_word' id='word_1_86' title='bbox 278 2687 486 2772; x_wconf 83' lang='lat' dir='ltr'>proferimus,</span> <span class='ocrx_word' id='word_1_87' title='bbox 517 2686 576 2750; x_wconf 90' lang='lat' dir='ltr'>sed</span> <span class='ocrx_word' id='word_1_88' title='bbox 604 2711 644 2752; x_wconf 85' lang='lat' dir='ltr'>ex</span> <span class='ocrx_word' id='word_1_89' title='bbox 666 2688 870 2772; x_wconf 85' lang='lat' dir='ltr'>antiquorum</span> <span class='ocrx_word' id='word_1_90' title='bbox 891 2685 1033 2772; x_wconf 92' lang='lat' dir='ltr'>philoso-</span> 
     </span>
     <span class='ocr_line' id='line_1_14' title="bbox 211 2789 1032 2876; baseline -0.002 -18"><span class='ocrx_word' id='word_1_91' title='bbox 211 2811 244 2858; x_wconf 84' lang='grc'>14</span> <span class='ocrx_word' id='word_1_92' title='bbox 277 2791 415 2876; x_wconf 90' lang='lat' dir='ltr'>phorum</span> <span class='ocrx_word' id='word_1_93' title='bbox 429 2791 631 2872; x_wconf 83' lang='lat' dir='ltr'>auctoritate,</span> <span class='ocrx_word' id='word_1_94' title='bbox 653 2800 685 2854; x_wconf 91' lang='lat' dir='ltr'>et</span> <span class='ocrx_word' id='word_1_95' title='bbox 698 2792 835 2860; x_wconf 84' lang='lat' dir='ltr'>maxime</span> <span class='ocrx_word' id='word_1_96' title='bbox 851 2789 1032 2858; x_wconf 83' lang='lat' dir='ltr'>divinorum</span> 
     </span>
    </p>
   </div>
   <div class='ocr_carea' id='block_1_2' title="bbox 312 2958 493 3021">
    <p class='ocr_par' dir='ltr' id='par_1_3' title="bbox 312 2958 493 3021">
     <span class='ocr_line' id='line_1_15' title="bbox 312 2958 493 3021; baseline -0.006 -14"><span class='ocrx_word' id='word_1_97' title='bbox 312 2961 404 3007; x_wconf 78' lang='lat' dir='ltr'>codices</span> <span class='ocrx_word' id='word_1_98' title='bbox 420 2958 493 3021; x_wconf 80' lang='lat' dir='ltr'>bfmr.</span> 
     </span>
    </p>
   </div>
   <div class='ocr_carea' id='block_1_3' title="bbox 272 3067 1031 3408">
    <p class='ocr_par' dir='ltr' id='par_1_4' title="bbox 272 3067 1031 3408">
     <span class='ocr_line' id='line_1_16' title="bbox 279 3067 1030 3123; baseline -0.001 -12"><span class='ocrx_word' id='word_1_99' title='bbox 279 3067 292 3111; x_wconf 92' lang='lat'>1</span> <span class='ocrx_word' id='word_1_100' title='bbox 313 3079 395 3112; x_wconf 83' lang='lat' dir='ltr'>omnes</span> <span class='ocrx_word' id='word_1_101' title='bbox 413 3069 523 3112; x_wconf 80' lang='lat' dir='ltr'>omittunt</span> <span class='ocrx_word' id='word_1_102' title='bbox 540 3081 585 3112; x_wconf 79' lang='lat' dir='ltr'>mr.</span> <span class='ocrx_word' id='word_1_103' title='bbox 632 3068 646 3112; x_wconf 78' lang='lat'><strong>2</strong></span> <span class='ocrx_word' id='word_1_104' title='bbox 666 3068 825 3123; x_wconf 84' lang='lat' dir='ltr'>constituerit]</span> <span class='ocrx_word' id='word_1_105' title='bbox 844 3067 970 3112; x_wconf 83' lang='lat' dir='ltr'>constituit</span> <span class='ocrx_word' id='word_1_106' title='bbox 986 3080 1030 3110; x_wconf 84' lang='lat' dir='ltr'>mr.</span> 
     </span>
     <span class='ocr_line' id='line_1_17' title="bbox 278 3135 1030 3198; baseline 0.003 -17"><span class='ocrx_word' id='word_1_107' title='bbox 278 3135 293 3182; x_wconf 82' lang='grc'>3</span> <span class='ocrx_word' id='word_1_108' title='bbox 321 3149 393 3196; x_wconf 84' lang='lat' dir='ltr'>opere</span> <span class='ocrx_word' id='word_1_109' title='bbox 421 3135 494 3196; x_wconf 78' lang='lat' dir='ltr'>bsmr.</span> <span class='ocrx_word' id='word_1_110' title='bbox 530 3137 540 3183; x_wconf 93' lang='grc' dir='ltr'>ΙΙ</span> <span class='ocrx_word' id='word_1_111' title='bbox 570 3137 701 3184; x_wconf 76' lang='lat' dir='ltr'>collacione</span> <span class='ocrx_word' id='word_1_112' title='bbox 723 3137 750 3198; x_wconf 92' lang='lat' dir='ltr'>s.</span> <span class='ocrx_word' id='word_1_113' title='bbox 832 3140 846 3184; x_wconf 83' lang='grc'><strong>7</strong></span> <span class='ocrx_word' id='word_1_114' title='bbox 875 3137 966 3183; x_wconf 80' lang='lat' dir='ltr'>cercius</span> <span class='ocrx_word' id='word_1_115' title='bbox 993 3135 1030 3196; x_wconf 80' lang='lat' dir='ltr'>fr.</span> 
     </span>
     <span class='ocr_line' id='line_1_18' title="bbox 278 3206 1031 3268; baseline 0.003 -16"><span class='ocrx_word' id='word_1_116' title='bbox 278 3207 293 3252; x_wconf 84' lang='grc'>9</span> <span class='ocrx_word' id='word_1_117' title='bbox 321 3207 422 3266; x_wconf 82' lang='lat' dir='ltr'>negocia</span> <span class='ocrx_word' id='word_1_118' title='bbox 440 3206 498 3268; x_wconf 82' lang='lat' dir='ltr'>bfm.</span> <span class='ocrx_word' id='word_1_119' title='bbox 534 3208 544 3254; x_wconf 88' lang='lat' dir='ltr'>ll</span> <span class='ocrx_word' id='word_1_120' title='bbox 577 3214 659 3254; x_wconf 86' lang='lat' dir='ltr'>nostra</span> <span class='ocrx_word' id='word_1_121' title='bbox 677 3223 715 3255; x_wconf 84' lang='lat' dir='ltr'>res</span> <span class='ocrx_word' id='word_1_122' title='bbox 736 3209 796 3255; x_wconf 80' lang='lat' dir='ltr'>bmr.</span> <span class='ocrx_word' id='word_1_123' title='bbox 870 3210 900 3253; x_wconf 92' lang='lat'>11</span> <span class='ocrx_word' id='word_1_124' title='bbox 929 3209 1031 3254; x_wconf 88' lang='lat' dir='ltr'>admini-</span> 
     </span>
     <span class='ocr_line' id='line_1_19' title="bbox 277 3278 1029 3342; baseline 0.003 -18"><span class='ocrx_word' id='word_1_125' title='bbox 277 3283 338 3324; x_wconf 83' lang='lat' dir='ltr'>strat</span> <span class='ocrx_word' id='word_1_126' title='bbox 355 3292 400 3322; x_wconf 76' lang='lat' dir='ltr'>mr.</span> <span class='ocrx_word' id='word_1_127' title='bbox 456 3280 487 3324; x_wconf 82' lang='lat'>12</span> <span class='ocrx_word' id='word_1_128' title='bbox 516 3279 647 3338; x_wconf 80' lang='lat' dir='ltr'>oppinione</span> <span class='ocrx_word' id='word_1_129' title='bbox 665 3295 687 3336; x_wconf 74' lang='lat' dir='ltr'>r.</span> <span class='ocrx_word' id='word_1_130' title='bbox 751 3281 782 3326; x_wconf 77' lang='lat'>13</span> <span class='ocrx_word' id='word_1_131' title='bbox 811 3284 847 3326; x_wconf 84' lang='lat' dir='ltr'>set</span> <span class='ocrx_word' id='word_1_132' title='bbox 863 3278 908 3339; x_wconf 70' lang='lat' dir='ltr'>sm.</span> <span class='ocrx_word' id='word_1_133' title='bbox 935 3279 947 3326; x_wconf 84' lang='lat' dir='ltr'>ll</span> <span class='ocrx_word' id='word_1_134' title='bbox 969 3280 1029 3342; x_wconf 85' lang='lat' dir='ltr'>phy·</span> 
     </span>
     <span class='ocr_line' id='line_1_20' title="bbox 272 3349 480 3408; baseline -0.01 -12"><span class='ocrx_word' id='word_1_135' title='bbox 272 3349 431 3408; x_wconf 85' lang='lat' dir='ltr'>Iosophornm</span> <span class='ocrx_word' id='word_1_136' title='bbox 448 3364 480 3394; x_wconf 83' lang='lat' dir='ltr'>m.</span> 
     </span>
    </p>
   </div>
   <div class='ocr_carea' id='block_1_4' title="bbox 828 3435 860 3476">
    <p class='ocr_par' dir='ltr' id='par_1_5' title="bbox 828 3435 860 3476">
     <span class='ocr_line' id='line_1_21' title="bbox 828 3435 860 3476; baseline -0.063 0"><span class='ocrx_word' id='word_1_137' title='bbox 828 3435 860 3476; x_wconf 78' lang='lat'>29</span> 
     </span>
    </p>
   </div>
   <div class='ocr_carea' id='block_1_5' title="bbox 0 0 1360 4004">
    <p class='ocr_par' dir='ltr' id='par_1_6' title="bbox 0 0 1360 4004">
     <span class='ocr_line' id='line_1_22' title="bbox 0 0 1360 4004; baseline 0 3"><span class='ocrx_word' id='word_1_138' title='bbox 0 0 1360 4004; x_wconf 95' lang='lat' dir='ltr'> </span> 
     </span>
    </p>
   </div>
  </div>
 </body>
</html>
