2790 4196
238 413 274 460 111
295 415 325 459 12
1005 408 1055 462 167

259 584 270 626 1
353 558 409 623 Ad
438 577 587 621 occasum
616 558 701 622 enim
727 555 825 622 habet
852 557 923 642 ipsa
951 557 1055 641 portio

258 683 272 726 2
311 660 414 726 Cham
434 661 531 726 finem
546 661 724 746 praefatum
740 659 826 746 quod
840 658 1056 746 praediximus

258 787 272 831 a
310 767 428 830 fretum
450 762 786 850 Septemgaditanum,
815 765 870 849 qui
893 765 993 828 currit
1015 763 1055 828 de

258 889 273 933 4
310 869 390 933 mari
412 890 529 954 magno
549 865 690 950 Gallice,
713 868 799 952 quod
821 869 876 932 alii
886 867 1056 932 Valeriano

259 991 272 1036 5
311 971 451 1057 Spaniae
479 973 657 1056 appellant,
686 995 834 1059 mergens
862 973 896 1036 in
923 969 1056 1036 Oceano

258 1094 272 1138 a
311 1075 551 1161 spatiosissimo.
598 1077 654 1160 qui
678 1078 778 1141 fretus
801 1076 1057 1161 superscriptus

258 1196 272 1239 7
310 1177 614 1266 Septemgaditanus
627 1179 752 1262 dividit,
767 1189 803 1244 ut
814 1178 964 1261 diximuS,
974 1179 1058 1246 inter

258 1296 273 1340 8
310 1283 539 1348 Mauritaniam
575 1292 607 1348 et
637 1281 808 1370 Ispaniam.
862 1307 937 1348 nam
968 1283 1057 1347 nullo

258 1400 272 1444 9
310 1386 406 1452 modo
435 1387 475 1452 ab
505 1388 645 1472 antiquis
674 1387 804 1472 quidem
832 1386 954 1451 dietum
981 1384 1058 1450 alibi

243 1505 272 1550 10
309 1492 484 1576 reperimus
514 1490 601 1574 quod
629 1491 691 1556 hou
718 1515 805 1556 mare
827 1514 980 1578 magnum
1001 1513 1059 1554 no·

243 1609 272 1654 11
311 1603 413 1660 strum
434 1618 493 1680 per
515 1604 616 1661 semet
637 1595 743 1680 ipsum
763 1594 850 1681 apud
862 1594 1010 1660 humanis
1024 1595 1058 1658 in

243 1710 273 1754 12
311 1695 443 1763 Oceano
467 1697 633 1784 optutibus
656 1721 720 1762 non
743 1700 883 1764 societur
904 1698 967 1763 nisi
987 1706 1058 1762 tan-

243 1813 272 1859 1³
309 1801 475 1866 tummodo
497 1803 531 1865 in
552 1801 627 1884 hoe,
649 1800 736 1886 quod
756 1802 902 1887 superius
918 1800 1057 1866 diximus

243 1916 274 1960 14
308 1906 391 1986 loco,
415 1906 471 1988 qui
484 1905 585 1970 fretus
601 1904 719 1970 dieitur
729 1902 1043 1992 Septemgaditanus.

312 2203 324 2244 1
353 2204 408 2244 unte
431 2211 542 2244 oceasum
569 2199 612 2244 AB
635 2198 692 2245 editi
718 2197 774 2244 add.
798 2211 920 2244 oceanum.
949 2197 958 2242 ΙΙ
994 2197 1058 2242 enim

310 2284 353 2314 om.
365 2269 430 2315 editi.
458 2269 467 2315 ΙΙ
489 2270 622 2328 postenim
641 2268 660 2316 0
676 2267 744 2315 addit
761 2279 897 2315 occeanum.
935 2269 950 2314 2
970 2269 985 2313 3
1005 2281 1058 2326 pre-

309 2341 386 2386 fatum
418 2342 504 2386 fretum
532 2342 596 2398 quod
623 2341 772 2400 prediximus
797 2341 1004 2400 septegaditanum
1032 2337 1056 2384 C.

311 2412 431 2458 Bfretum
450 2411 528 2457 onaB
544 2411 631 2458 Perrh.
658 2411 668 2457 u
697 2412 750 2472 quil
770 2412 835 2469 quod
853 2411 917 2457 editi.
972 2409 1058 2468 4311-

309 2481 383 2528 licum
410 2482 461 2528 AB.
506 2482 516 2529 ΙΙ
559 2481 613 2529 aliis
632 2483 696 2528 aditi.
786 2482 799 2528 5
829 2481 965 2541 appellatur
992 2481 1055 2536 editi,

310 2553 319 2598 ΙΙ
332 2566 433 2612 vergens
452 2551 494 2598 Ao
510 2567 562 2598 eum
581 2552 694 2599 Gaidoae.
743 2553 757 2598 6
777 2556 855 2611 super]
874 2567 918 2612 sup
937 2553 965 2608 A,
985 2565 1057 2610 supra

310 2623 374 2669 editi.
398 2623 407 2668 ΙΙ
427 2624 542 2682 scriptus]
556 2624 634 2670 dietus
647 2624 711 2670 edita
758 2625 771 2668 7
785 2623 992 2682 septemgaditanfi
1004 2623 1055 2667 AB.

312 2695 327 2740 8
346 2694 454 2752 spaniam
466 2693 513 2750 Ae,
532 2694 675 2754 Hispaniam
694 2693 758 2739 editi.
813 2695 827 2739 9
848 2694 944 2751 quidem
957 2693 1057 2748 dietum]

311 2763 376 2824 quid'
390 2765 481 2810 dietum
498 2765 527 2821 A,
547 2767 579 2826 qd
598 2767 689 2812 dietum
706 2765 735 2822 B,
760 2765 824 2822 quod
843 2762 897 2810 de’ffi
917 2763 940 2821 C,
966 2763 1056 2808 dietum

225 2853 226 2856 ¹
311 2835 452 2893 quodediti.
495 2837 525 2881 11
546 2838 612 2895 apud
624 2851 668 2882 om.
677 2835 700 2882 0.
719 2835 728 2880 ΙΙ
745 2836 862 2881 humanos
871 2838 899 2880 A.
944 2835 975 2878 12
994 2835 1057 2892 opti-

309 2907 402 2952 tutibus
422 2904 445 2951 0.
474 2905 483 2950 1
508 2920 557 2952 non
575 2908 663 2953 scietur
674 2904 744 2963 ABG,
764 2905 866 2961 „influat
883 2905 934 2951 sive
952 2909 1058 2962 emergat

310 2975 350 3022 val
368 2976 509 3034 copuletur“
530 2977 613 3023 Gnido.
675 2979 706 3024 14
725 2977 793 3022 locus
810 2977 861 3020 AB.
889 2975 898 3021 u
924 2980 1057 3033 septemge-

309 3047 397 3093 ditanis
408 3048 436 3104 A,
460 3061 498 3107 pp
516 3049 681 3107 septemgades
693 3049 710 3094 i.
723 3046 853 3102 columnas,
874 3059 932 3104 quas
950 3045 985 3090 ibi
1002 3045 1057 3091 fixit

310 3117 438 3175 Hercules,
465 3117 530 3164 ultra
557 3133 616 3178 quas
638 3133 687 3164 non
710 3119 758 3163 itur
780 3130 863 3176 marvo
886 3117 906 3161 A
928 3129 974 3161 ree.
992 3130 1054 3161 mua.

310 3189 320 3234 Η
327 3194 385 3246 post
397 3187 623 3248 Septemgaditanus
643 3188 661 3234 0
677 3187 746 3234 addit
763 3188 792 3232 de
811 3200 909 3245 europa,
929 3187 958 3232 de
976 3188 1056 3247 sythia

311 3271 418 3305 eremesa
436 3259 506 3304 iuxta
523 3259 581 3306 litus
599 3259 697 3305 occeani
716 3257 908 3316 septentrionalis
927 3258 992 3316 apud
1008 3271 1056 3304 rer-

309 3331 383 3388 mipte
402 3329 487 3388 posita.
