2872 4210
364 537 498 591 24*

384 707 396 751 1

383 809 397 854 2

383 913 398 957 3

382 1013 398 1060 4

383 1119 397 1164 5

384 1223 397 1267 6

384 1329 398 1372 7

383 1430 398 1475 8

385 1532 398 1577 9

368 1636 398 1681 10

367 1740 398 1784 11

368 1845 398 1890 12

368 1946 399 1992 1ss

369 2050 400 2095 14

368 2149 399 2197 15

368 2255 399 2302 16

368 2363 399 2406 17

368 2466 399 2511 18

368 2571 399 2616 19

367 2672 399 2718 20

367 2776 398 2822 21

367 2879 399 2924 22

569 682 636 751 Sed
658 707 677 748 o
699 683 864 748 mirandus
887 685 1013 768 artifex,

524 789 579 872 qui
602 789 680 852 fecit
702 797 739 852 ut
761 789 961 875 igniformus,

523 893 646 958 cumis
669 892 712 957 sit
734 901 823 955 ortus
846 891 1041 976 nimphihus,

522 1019 686 1080 nunquam
709 1003 822 1058 exurat
843 994 972 1074 latices3

524 1122 543 1164 a
565 1099 705 1184 nimphis
728 1119 790 1162 nec
812 1098 1021 1184 extinguitur,

523 1213 570 1285 ut,
592 1204 676 1267 foret
697 1201 793 1288 ignis,
816 1203 945 1285 assolet,

523 1307 663 1371 inlaesus
687 1313 723 1367 ut
745 1315 943 1388 permaneat,

523 1411 635 1493 utique
657 1409 690 1472 in
714 1409 844 1473 servitio

525 1512 628 1579 isdem
652 1534 783 1576 currens
806 1512 995 1600 igniformus

523 1617 647 1682 iussum
669 1615 800 1680 factoris
822 1626 966 1704 peragat.

523 1739 669 1785 remeans
691 1717 777 1782 unde
801 1719 902 1786 oritur

525 1846 636 1889 rursus
659 1821 798 1908 refulget
822 1822 943 1888 sedule.

479 1926 568 1992 Nam
592 1927 646 1992 alii
668 1925 851 2012 philosophi
874 1935 906 1992 et
928 1925 1102 2012 prudentes
1128 1927 1190 1992 viri

437 2030 587 2096 dixerunt
615 2029 702 2116 quod
730 2031 764 2096 in
792 2039 935 2096 arctoam
961 2041 1085 2118 partem
1107 2031 1190 2096 infra

437 2133 563 2201 Oceani
591 2158 678 2200 mare
706 2134 932 2200 innumerabili
961 2135 1064 2220 spatio
1093 2143 1189 2218 atque

435 2239 653 2324 investigabili
667 2239 780 2304 itinere
797 2236 850 2302 dei
864 2239 955 2304 iussu
969 2237 1100 2302 maximi
1114 2246 1190 2302 sunt

435 2351 571 2423 montes,
593 2352 670 2427 post
692 2363 784 2426 quoe,
813 2340 942 2426 quando
969 2341 1017 2406 sol
1039 2361 1190 2406 occasum

436 2446 565 2530 accipit,
587 2453 689 2509 totam
710 2444 911 2530 perambulat
925 2451 1065 2526 noctem,
1086 2467 1188 2529 usque

436 2547 514 2613 dum
525 2547 652 2614 rediens
664 2548 843 2614 secundum
854 2571 949 2614 suum
956 2556 1083 2634 tempus
1094 2571 1188 2613 mane

435 2661 511 2738 post
533 2651 621 2736 ipsos
643 2662 768 2718 montes
790 2653 906 2716 iterum
927 2650 1110 2718 hominibus
1132 2675 1189 2740 ap-

435 2764 538 2841 paret,
562 2765 594 2820 ct
616 2756 751 2842 proinde
774 2756 922 2840 quotiens
944 2756 1021 2820 luna
1044 2779 1084 2821 ex
1098 2755 1189 2822 radio

436 2859 512 2924 solis
539 2882 597 2924 suo
619 2869 763 2945 tempore
786 2859 921 2944 eclipsin
942 2859 1073 2944 patitur.

436 3003 451 3047 2
479 3003 543 3062 iguis
556 3003 710 3049 formusAB.
765 3003 780 3048 3
808 3015 863 3046 cum
876 3001 896 3046 is
909 3001 949 3056 sit}
961 3002 1058 3048 comisit
1068 3001 1112 3047 AB
1124 3002 1189 3049 editi.

435 3074 629 3120 llnimfibrisAB
644 3073 708 3118 aditi.
763 3073 779 3117 4
810 3075 896 3117 exuret
906 3071 951 3116 AB
967 3071 1031 3116 editi.
1085 3072 1100 3118 5
1129 3072 1191 3133 lym-

434 3144 568 3203 phiscdtti.
586 3144 595 3189 ΙΙ
615 3143 750 3201 extingitur
766 3142 797 3186 B.
852 3143 866 3186 6
895 3141 957 3200 ignis
969 3155 1014 3186 om.
1026 3143 1055 3187 A.
1111 3143 1125 3188 7
1154 3144 1191 3189 in-

433 3214 490 3261 lesis
509 3215 552 3260 AB
571 3214 636 3260 editi.
679 3215 693 3258 8
721 3211 838 3272 nugae,
861 3213 970 3269 utiquam
983 3211 1046 3257 editi.
1085 3212 1100 3257 9
1127 3213 1189 3272 igni-

434 3285 518 3332 formis
541 3285 569 3330 A.
668 3284 699 3329 10
727 3283 794 3328 iussu
812 3282 856 3328 AB
874 3281 938 3327 odiri.
962 3281 972 3327 11
995 3287 1108 3341 peragrat
1125 3283 1190 3329 editi.

436 3355 467 3402 18
487 3353 641 3415 phylosophy
653 3354 683 3398 B.
696 3353 706 3399 ΙΙ
723 3357 754 3410 et]
774 3353 819 3398 hec
830 3352 881 3410 AB,
900 3352 1024 3408 hocediti5
1041 3350 1075 3413 cf.
1096 3353 1128 3398 25
1147 3353 1188 3398 12

436 3427 468 3472 14
501 3425 592 3471 Arctoa
609 3430 677 3483 parte
696 3424 760 3470 editi.
865 3423 896 3469 15
930 3427 1002 3481 atque
1020 3435 1065 3467 om.
1084 3422 1107 3466 B
1125 3422 1190 3468 editi.

436 3497 468 3542 19
495 3500 577 3542 manet
593 3495 645 3541 AB.
709 3495 741 3540 21
770 3494 864 3552 quoties
883 3493 947 3539 editi.
1006 3492 1039 3537 22
1067 3493 1124 3548 suo}
1143 3504 1190 3550 quo

435 3566 478 3612 AB
496 3566 561 3612 editi.
581 3565 590 3611 ΙΙ
610 3563 666 3611 teni
682 3565 713 3623 B,
732 3570 812 3612 tenere
830 3566 858 3622 Α,
878 3570 959 3610 tenem
1026 3562 1090 3608 odiri.
