2710 4004
222 364 245 410 V
263 367 294 412 28
992 367 1044 420 417

242 535 254 578 1
294 510 349 594 qui
378 511 465 574 venit
495 509 534 574 de
563 509 658 576 India
680 510 792 578 Serica
813 513 987 580 Bactriana
1016 525 1048 580 et

241 635 255 680 a
293 623 402 698 portas
417 611 562 700 Caspias.
608 616 663 699 qui
679 613 831 682 Oceanus
846 619 953 706 tangit
967 617 1048 705 Scy-

241 740 255 785 a
292 717 394 782 thiam
409 718 618 785 heremosam.
653 721 770 784 iterum
782 721 976 804 Amazones,
992 721 1048 786 ubi

241 844 256 886 4
293 843 358 901 eas,
380 831 551 906 postquam
567 845 715 910 egressae
731 833 807 888 sunt
829 823 1048 891 dementibus

241 946 255 991 5
294 922 467 1007 Caucasis,
504 927 604 992 fuisse
638 927 786 1014 legimus.
842 928 1048 1013 postmodum

241 1051 254 1096 e
292 1029 398 1115 tangit
426 1030 496 1115 ipse
524 1027 675 1097 Oceanus
706 1031 893 1098 Roxolanos
921 1054 1047 1096 necnon

241 1155 254 1199 ι
292 1130 476 1214 Sarmatas,
520 1134 599 1200 item
638 1133 798 1220 Scythas,
841 1135 1048 1221 postmodum

240 1259 255 1302 s
292 1235 463 1302 Rereferos
494 1247 526 1302 et
555 1235 783 1322 Sisdefennos,
812 1262 924 1304 verum
950 1240 1047 1304 etiam

240 1361 254 1405 o
294 1338 513 1423 Germaniam,
528 1341 585 1407 ubi
600 1343 667 1430 egit
681 1342 826 1408 habitare
842 1342 956 1408 Dauos
971 1366 1047 1408 nec-

223 1465 254 1509 lc
293 1466 357 1508 non
379 1442 502 1526 Sanos,
524 1446 621 1510 ctiam
643 1446 770 1511 Frixos.

224 1569 253 1612 11
336 1547 392 1612 Ad
413 1557 539 1633 partem
561 1558 669 1614 autem
691 1547 926 1614 occidentalem
948 1549 1046 1616 habet

224 1672 253 1715 ιι
290 1662 378 1716 totus
401 1651 540 1716 mundus
562 1653 660 1717 finem
675 1651 843 1718 Oceanum
865 1655 921 1738 qui
940 1655 1045 1740 tangit

223 1775 253 1819 ra
291 1754 432 1820 Galliam
454 1755 622 1842 Belgicam
645 1764 678 1819 et
700 1753 920 1840 Germaniam,
948 1779 1044 1841 quam

223 1883 254 1926 ιι
291 1858 405 1940 modo,
434 1868 471 1923 ut
495 1859 650 1942 diximus,
677 1859 878 1924 Francorum
899 1860 1045 1946 possidet

223 1985 253 2030 ιι
289 1964 466 2049 generatio,
480 1964 557 2027 item
568 1961 747 2028 Britaniam
762 1971 795 2028 et
809 1965 946 2049 patriam
962 1986 1043 2047 quae

223 2089 252 2134 rs
290 2065 409 2131 dicitur
423 2066 599 2132 Nistricus.
640 2065 698 2131 sed
713 2090 779 2131 non
795 2065 835 2132 de
850 2067 957 2132 insula
970 2067 1043 2130 Bri-

291 2363 305 2408 2
325 2363 406 2422 caspia
418 2364 446 2408 A.
466 2363 475 2409 ΙΙ
493 2363 547 2422 qui]
562 2377 621 2422 quas
631 2364 689 2418 AB‚·
703 2361 737 2424 cf.
751 2363 802 2410 324
822 2365 837 2410 5
852 2378 897 2423 sq,
910 2363 950 2408 aba·
961 2362 1042 2408 cadem

290 2432 409 2494 loquutur.
437 2434 446 2480 ΙΙ
472 2435 570 2480 sithiam
587 2433 634 2491 Aa,
659 2435 764 2494 sythiam
782 2436 812 2482 B.
867 2436 882 2480 8
910 2447 1040 2480 arenosam

288 2504 352 2550 editi.
380 2504 390 2550 ΙΙ
415 2505 559 2552 admazones
581 2507 614 2559 A,
642 2506 787 2552 admazancs
811 2503 835 2552 G.
896 2504 946 2551 45
974 2511 1041 2564 pose

229 2601 233 2610 ·
288 2589 359 2632 quam
378 2576 548 2622 dementibus
567 2577 674 2622 caucasis
691 2589 784 2636 egresse
796 2582 852 2623 sunt
871 2573 895 2621 C.
951 2575 965 2621 ὃ
985 2589 1041 2620 cau-

288 2646 350 2692 sacis
362 2648 391 2700 A,
410 2648 515 2692 caucasis
527 2647 556 2691 B.
613 2647 778 2693 6rcxclanas
797 2645 821 2694 C.
878 2645 1039 2701 7sithiasA,

288 2717 371 2776 cythas
381 2714 429 2762 BC.
478 2716 898 2764 8RerescnosetSidcienncscditi.
947 2714 1040 2762 9Ger-

288 2787 400 2843 maniam,
424 2788 467 2833 ubi
485 2789 535 2848 egit
552 2789 662 2834 habitare
685 2791 825 2834 omitumtar
841 2801 916 2846 supro
934 2787 984 2832 324
1006 2787 1039 2832 12

287 2858 297 2902 ΙΙ
314 2857 437 2916 germania
452 2859 504 2916 AB,
533 2857 645 2905 Germani
663 2859 729 2905 editi.
805 2859 831 2904 10
860 2857 947 2915 Saxos,
966 2858 1039 2903 ctiam

286 2928 385 2984 Frixosl
397 2928 513 2987 Saxones,
526 2931 599 2976 ctiam
611 2929 721 2976 Friscncs
733 2931 784 2976 324
806 2929 838 2974 13
857 2929 897 2974 14.
922 2929 937 2984 li¹
951 2929 1037 2984 ctiam]
1059 2961 1063 2971 .

287 3005 311 3044 et
328 3000 400 3045 etiam
421 2997 445 3045 G.
521 3002 551 3054 11
581 3003 672 3056 autem]
695 3015 752 3047 vero
778 2999 801 3048 C.
839 2999 848 3045 ΙΙ
885 2999 977 3046 habens
994 2999 1039 3045 ΑΒ

287 3069 351 3115 odiri.
443 3072 474 3118 le
502 3071 614 3118 bellicam
644 3069 694 3116 ΒΟ.
739 3072 748 3117 ΙΙ
792 3076 816 3116 et
838 3083 883 3115 oca.
905 3069 950 3115 AB
972 3070 1036 3115 editi.

289 3141 321 3185 14
348 3146 376 3186 ut
400 3142 517 3198 diximus]
546 3141 596 3186 324
624 3143 667 3186 16.
759 3141 789 3187 15
820 3141 947 3186 Britannia
972 3139 1036 3186 editi.

286 3211 344 3267 {let}
363 3211 402 3256 vel
420 3212 463 3257 ΑΒ
482 3212 545 3258 editi.
582 3214 592 3258 ΙΙ
627 3213 706 3272 patria
723 3213 788 3259 editi.
852 3212 883 3258 16
911 3211 1037 3258 Nostricus

287 3281 351 3338 editi,
376 3284 391 3328 ι’.
411 3296 430 3328 e.
453 3283 578 3340 Naustria3
597 3283 706 3330 Niustria
728 3285 798 3330 Perta
820 3296 881 3328 mcc.
904 3283 921 3327 Ι.
935 3284 1035 3340 possim.

287 3353 296 3400 ΙΙ
310 3355 370 3408 ncnl
389 3367 432 3400 nos
450 3353 520 3401 ABG.
548 3355 557 3398 11
583 3354 703 3402 britanica
720 3355 748 3412 A,
767 3354 893 3402 Britannia
911 3353 975 3402 adiri.

838 3439 867 3478 27
