2578 4008
393 528 508 599 Castro
530 531 614 600 novo

392 635 531 702 Centum
554 639 643 704 cellis

390 741 530 806 Minium
567 751 570 758 “

391 845 578 910 Tuvellaria
589 867 591 872 ·

391 947 550 1015 Gravisca

389 1053 522 1119 Martha

388 1157 510 1222 Forum
532 1159 658 1224 Aurelii

389 1261 547 1327 Armenta

389 1364 445 1429 Ad
467 1390 567 1432 novas

388 1466 537 1534 Saturnia

388 1571 531 1640 Succosa

388 1673 474 1742 Cosa

387 1778 521 1845 Portum

388 1882 524 1950 Albinia

386 1986 561 2054 Telamone

386 2091 471 2156 Asta

384 2195 551 2262 Umbrone

239 2384 251 2428 1
265 2380 350 2430 Castro
359 2397 423 2432 novo
436 2390 506 2432 atium
517 2387 549 2432 26
554 2390 567 2432 7
580 2387 603 2444 2,
618 2393 721 2433 castrum
732 2399 821 2433 novum
833 2387 860 2432 6.
898 2388 911 2433 2
927 2387 988 2435 Ceu-

236 2460 287 2500 tnm
301 2454 368 2500 cellia
386 2459 456 2502 ctiam
469 2456 519 2502 267
538 2458 555 2504 3
568 2464 590 2504 ct
603 2449 631 2516 G,
650 2455 789 2504 centueeun
800 2458 851 2504 AB.
907 2459 921 2504 3
940 2459 987 2505 Mi-

235 2525 301 2570 nium
320 2528 391 2572 etiam
409 2527 460 2574 267
479 2529 503 2586 1,
530 2529 636 2575 manium
656 2529 684 2575 G.
755 2530 771 2574 4
799 2527 901 2575 tuvelari
926 2528 988 2576 (lat

236 2595 286 2640 267
304 2597 329 2653 5,
353 2598 464 2645 taellaria
478 2599 534 2656 AB,
556 2599 693 2646 Tabellaria
712 2600 775 2646 editi.
832 2601 845 2646 6
872 2598 987 2648 Grauisca

234 2669 304 2713 ctiam
317 2668 368 2713 267
388 2670 438 2716 {iet
452 2669 478 2726 6,
499 2671 607 2717 craviaoa
619 2671 662 2716 ΑΒ
674 2672 737 2718 editi.
775 2671 790 2716 6
808 2671 905 2717 Martha
917 2674 987 2717 etiam

234 2739 285 2785 267
306 2742 328 2785 7.
402 2744 416 2787 7
440 2741 526 2787 Forum
545 2741 637 2787 Aurelii
656 2741 790 2788 etiam267
809 2743 825 2788 8
844 2747 867 2787 et
887 2741 914 2799 6,
933 2743 985 2789 foro

234 2811 318 2857 aurelii
336 2811 379 2858 AB
398 2812 462 2858 editi.
508 2813 522 2858 8
550 2813 665 2858 Armenta
683 2815 753 2859 otiam
772 2813 823 2860 267
843 2813 866 2858 9.
914 2812 986 2859 aad

232 2895 308 2929 novas
320 2885 390 2928 etiam
400 2884 450 2929 267
464 2884 497 2928 16
510 2889 532 2929 ct
545 2883 596 2929 285
616 2884 640 2940 1,
659 2897 736 2930 nouas
746 2886 788 2930 ΑΒ
800 2885 864 2941 aditi,
878 2897 943 2930 nova
957 2884 983 2930 G.

236 2954 266 2998 10
295 2955 402 3000 saturnia
430 2955 450 3000 G
476 2953 534 3000 editi
556 2962 582 3000 ut
598 2955 653 3000 Tob.
728 2956 757 3000 11
788 2955 893 3002 Succosa
915 2957 985 3000 eliam

234 3023 284 3069 267
304 3026 350 3082 11,
378 3027 481 3071 sabooaa
499 3026 551 3070 AB.
631 3026 661 3070 12
690 3024 754 3071 Cosa
779 3029 849 3072 etiam
872 3025 985 3072 26712.

234 3097 266 3141 18
294 3097 325 3142 ad
352 3103 453 3155 pontum
483 3095 506 3152 0,
543 3096 583 3143 Ad
610 3103 706 3156 portum
733 3095 833 3143 Coenam
864 3096 915 3142 267
943 3097 985 3144 13.

234 3168 265 3212 14
293 3166 377 3213 albilia
406 3167 425 3214 0
450 3167 611 3217 6126711,
695 3169 725 3214 15
757 3167 886 3214 Telamone
915 3171 985 3214 etiam

231 3238 344 3294 26715,
381 3238 510 3285 tellamone
536 3238 559 3294 O,
597 3239 728 3286 telamonio
751 3239 779 3296 A,
816 3239 937 3286 telamona
957 3239 985 3286 G.

232 3311 263 3355 16
287 3308 347 3356 Asta
365 3312 436 3355 ctiam
454 3311 507 3356 268
527 3313 549 3355 1.
608 3312 638 3356 17
664 3309 787 3358 Umbronc
804 3313 875 3357 etiam
888 3311 939 3357 268
959 3311 983 3369 2,

227 3381 345 3428 umbrone
364 3380 392 3432 6.
