2580 4028
312 485 366 538 21⁰

330 658 343 702 1
531 631 687 718 Impletus

330 761 344 806 n
531 736 691 802 Erausins

330 869 344 913 s
532 839 676 906 Nedisso

330 972 344 1015 4
532 943 638 1008 Iader.

331 1075 344 1120 s
425 1049 509 1115 Item
540 1047 582 1112 ed
615 1046 710 1111 sliam
742 1052 866 1129 partem
892 1043 1030 1130 desuper
1058 1055 1134 1111 sunt

331 1179 345 1222 s
384 1153 548 1233 civitates,
577 1149 612 1215 id
640 1157 689 1214 est
719 1148 809 1212 iuxta
836 1147 1034 1233 praedictam
1057 1149 1134 1214 eivi-

332 1284 345 1326 7
382 1265 483 1320 tutem
505 1254 636 1319 Narrou
658 1262 708 1318 est
731 1253 844 1317 civitas
867 1273 948 1337 quae
969 1250 1087 1318 dieitur

332 1387 346 1430 s
533 1358 669 1444 Bigeste

333 1491 346 1534 ο
535 1461 738 1526 Aufustianis

317 1592 347 1636 10
534 1563 647 1629 Novas

317 1697 346 1740 11
534 1668 696 1734 Iulianum

318 1799 348 1844 12
536 1771 684 1838 Tilurion
775 1817 777 1824 -

318 1903 349 1948 13
536 1875 704 1941 Ponteluri

318 2005 351 2050 14
537 1980 687 2063 Aequou.

316 2111 349 2164 Ι15
430 2084 513 2149 Item
543 2083 584 2148 ad
612 2083 708 2148 aliam
742 2091 865 2167 purtem
895 2080 1034 2168 desuper
1062 2091 1137 2146 sunt

319 2216 350 2260 ιο
388 2189 534 2252 civitates

320 2323 350 2366 ιγ
538 2292 689 2356 Decimin

320 2424 350 2467 18
539 2394 696 2460 Eudetrio

392 2560 403 2603 1
425 2557 541 2615 Impletus
559 2557 629 2603 etiam
644 2557 664 2602 V
680 2558 721 2603 14.
775 2559 796 2603 1
820 2555 954 2602 Ersusisne
972 2556 1035 2612 editi,
1063 2557 1139 2603 Arau-

389 2630 442 2674 sion
460 2628 482 2673 V
498 2628 539 2673 14.
603 2629 618 2674 3
645 2629 741 2674 uedisse
762 2625 785 2684 0,
813 2627 908 2673 Nedino
927 2628 985 2672 editi
1002 2641 1051 2672 cum
1075 2627 1138 2684 Tau,

389 2698 500 2744 Nedinon
519 2699 538 2742 V
555 2699 596 2756 14,
615 2693 735 2762 Νὴὃινον
753 2697 818 2744 Ptol.
872 2701 888 2744 4
907 2697 978 2744 Iader
995 2701 1065 2743 etium
1074 2700 1138 2755 Aut,

391 2765 464 2814 is'dex
482 2771 526 2814 ΑΒ
537 2769 648 2830 fortasse
666 2777 743 2816 ortum
762 2784 790 2814 es
808 2770 931 2826 ludunum,
955 2768 1028 2815 ludex
1050 2768 1078 2826 0,
1101 2769 1139 2814 Iu-

392 2840 448 2885 ders
466 2840 523 2886 editi
539 2849 565 2887 ut
582 2841 603 2886 V
619 2843 650 2886 14
671 2849 693 2886 et
715 2841 779 2896 Tab„
807 2839 876 2884 hodie
894 2839 961 2885 Zara.
1026 2842 1039 2884 7
1069 2853 1140 2886 noro-

391 2922 446 2955 nsm
458 2911 509 2967 ΑΒ,
527 2911 626 2958 Norons
644 2913 713 2967 edin,-
733 2909 766 2971 ef.
780 2910 831 2955 208
850 2911 882 2953 15
897 2917 919 2954 et
936 2910 955 2954 V
973 2911 1014 2954 14,
1065 2911 1078 2953 8
1099 2911 1140 2956 Bi-

392 2987 457 3039 geste
481 2984 550 3028 etiam
571 2984 625 3029 Tub.
710 2985 723 3027 9
752 2981 902 3026 Aufustianis
925 2983 995 3026 etiam
1009 2983 1072 3036 Aut,
1101 2981 1140 3028 Ad

392 3052 499 3100 suscisnu
521 3054 576 3100 Tub.
627 3056 657 3099 10
677 3053 771 3107 Novus]
791 3052 830 3097 Ad
848 3063 922 3096 noves
945 3053 999 3096 Tab.
1051 3054 1079 3097 11
1101 3053 1140 3098 Iu-

391 3123 496 3180 lienum]
510 3127 558 3170 eius
569 3123 621 3170 loco
634 3123 741 3169 Billubio
756 3121 820 3178 Tae„
833 3121 931 3167 Bilubio
944 3123 999 3167 Aut.
1051 3123 1080 3167 12
1100 3123 1141 3169 Ti·

392 3193 485 3251 lurion]
499 3195 590 3240 Tilurio
607 3195 662 3240 Tub.
714 3195 744 3238 13
764 3192 897 3248 Ponteluril
912 3193 987 3239 Ponte
996 3193 1072 3240 Tiluri
1084 3195 1139 3240 Aut.

396 3267 426 3310 14
450 3279 528 3324 equou
558 3265 581 3321 C,
609 3265 693 3322 Aequo
718 3264 772 3308 Ant.
794 3263 858 3320 Tui„
884 3261 1009 3313 Αἴκουον
1025 3261 1142 3314 κολωνία

392 3335 455 3381 Ptol.
525 3335 554 3381 15
584 3336 685 3393 desuper
703 3349 747 3379 om.
767 3333 810 3381 ΒΟ
826 3335 888 3380 editi.
964 3339 994 3382 17
1024 3337 1141 3382 Decumin

393 3407 458 3463 editi,
477 3405 569 3450 Decuni
589 3405 707 3462 {Deurieii
727 3403 807 3451 Plini
861 3408 891 3451 18
915 3408 1029 3452 endedrie
1049 3405 1072 3462 0,
1093 3407 1142 3452 Au-

394 3477 469 3536 duetio
493 3476 557 3532 rau,
586 3469 737 3546 Hvisieqeov
755 3477 817 3523 Ptol.
