2710 4004
983 394 1035 448 387

230 567 242 611 1
281 543 414 628 impleta
441 551 501 622 est3
530 543 636 628 portio
663 541 813 628 equidem
835 540 940 610 Oham
967 553 1034 608 tam

229 669 244 715 2
280 647 471 734 longissima
491 647 662 730 evenisset,
685 668 767 730 qnae
788 669 871 732 pene
894 647 1035 731 quinque

228 775 243 820 e
280 751 315 815 in
338 773 373 816 se
396 749 535 836 accipiat
557 750 653 816 horas
671 749 751 828 diei3
775 760 809 815 et
821 750 954 836 Europa
967 759 1035 816 tam

227 879 244 923 4
281 853 336 919 diu
358 853 548 942 longissima
570 852 820 937 demonstratur,
850 877 933 939 quae
956 877 1035 939 qua·

228 980 244 1026 t
279 967 354 1023 tuor
375 957 471 1022 horas
487 956 553 1021 diei
568 958 688 1043 accipit
703 967 736 1023 et
749 957 904 1044 plurimas
919 960 1033 1024 noetis.

228 1087 243 1131 s
281 1060 324 1126 ad
346 1059 434 1145 quod
457 1059 630 1126 dicendum
658 1071 708 1127 est
735 1062 811 1146 quia
832 1062 918 1128 sieut
939 1063 1035 1149 pleri-

228 1189 242 1235 r
280 1186 343 1248 que
365 1165 471 1231 saneti
492 1173 612 1250 patres,
634 1165 719 1231 inter
741 1189 823 1251 quos
845 1167 908 1232 fuit
922 1165 1033 1234 dicens

228 1294 243 1340 3
279 1267 482 1354 Epiphanius
505 1276 556 1332 ter
577 1267 783 1336 beatissimus
807 1267 908 1356 Cypri
930 1261 1050 1337 auehi.

227 1399 243 1443 9
280 1372 451 1457 episcopus
473 1372 508 1436 in
530 1393 589 1436 suo
613 1372 751 1457 eloquio,
774 1373 862 1458 quod
884 1373 1034 1458 aequales

211 1504 243 1548 10
278 1475 444 1560 portiones
458 1474 517 1540 filii
532 1474 607 1540 Noe
622 1487 829 1563 aeceperunt,
843 1477 878 1542 id
894 1487 943 1544 est
958 1475 1034 1544 Sem

211 1607 241 1651 11
279 1579 394 1644 Asiam
416 1599 491 1642 eum
513 1579 581 1644 suis
607 1579 732 1662 insulis,
762 1578 865 1646 Cham
887 1579 1034 1646 Africam

210 1710 242 1756 12
279 1683 377 1747 simili
399 1679 513 1762 mode,
542 1681 659 1767 Iaphet
679 1705 757 1748 vero
778 1683 943 1772 Europam
964 1684 1034 1770 pari

211 1815 241 1860 13
279 1785 360 1850 viee.
407 1783 466 1850 sed
489 1784 566 1850 dum
592 1786 664 1870 ipsa
685 1786 768 1852 Asia
788 1788 884 1852 nimis
906 1788 940 1852 in
961 1785 1034 1852 lati·

210 1915 242 1962 14
277 1888 435 1969 tudinem,
458 1887 493 1952 id
516 1897 566 1954 est
589 1911 608 1953 a
630 1891 711 1954 mari
733 1913 852 1978 magno
875 1890 1033 1975 usquein

210 2025 240 2070 η
279 1989 448 2058 Oceanum
471 1992 666 2076 extenditur,
688 1991 761 2058 ideo
784 1995 817 2058 in
840 2017 878 2060 ea
891 2003 1033 2059 tantum-

209 2127 240 2173 1t
277 2094 374 2160 modo
403 2105 469 2161 tres
498 2097 591 2181 quasi
618 2098 716 2162 horae
745 2096 810 2161 diei
839 2107 1032 2185 supputatae

208 2231 240 2276 ῃ
277 2208 364 2282 sunt⁷
385 2199 466 2265 aliae
489 2209 644 2286 exparte
666 2201 763 2268 horae
785 2203 890 2270 noetis
913 2203 947 2268 in
961 2202 1033 2288 ipsa

196 2400 198 2405 ’
278 2389 397 2448 lporeio
416 2388 465 2438 BC.
493 2391 503 2438 ΙΙ
529 2391 653 2450 equidem]
673 2398 697 2438 et
710 2391 806 2451 quidem
819 2390 866 2438 Au.
922 2391 1030 2449 iquael

277 2461 343 2519 qnod
362 2458 387 2510 0.
476 2461 491 2508 8
519 2462 624 2522 accipiet
641 2461 706 2509 editi.
743 2462 753 2509 ΙΙ
783 2468 841 2522 port
859 2462 907 2508 diei
924 2461 945 2506 A
964 2461 1032 2508 addit

276 2531 371 2590 accepit
392 2536 417 2578 et
434 2529 551 2591 plurimus
573 2534 659 2580 noetis.
694 2533 724 2579 ad
748 2535 814 2592 quod
836 2532 963 2580 dicendum
986 2537 1030 2590 est,

276 2615 336 2661 qaae
353 2615 408 2648 mon
424 2609 561 2649 recurrant.
617 2605 633 2650 4
661 2606 735 2663 quael
756 2605 822 2663 quod
842 2602 866 2650 0.
939 2602 953 2648 ὅ
982 2603 1029 2649 diei

275 2671 347 2719 horas
375 2670 400 2720 0.
445 2673 456 2720 ΙΙ
498 2675 593 2734 aceepit
619 2672 670 2720 BC.
715 2674 725 2720 ΙΙ
768 2680 793 2722 et
814 2674 931 2734 plurimas
951 2673 1030 2720 noctis

276 2756 321 2790 om.
341 2741 367 2790 0.
394 2743 404 2790 ΙΙ
430 2746 510 2802 quod]
530 2759 591 2805 quos
610 2745 633 2790 Β
650 2745 716 2792 editi.
775 2747 789 2792 7
817 2745 865 2792 fuit
882 2745 975 2800 dicens}
995 2745 1030 2789 di-

276 2814 379 2861 uendum
396 2815 440 2862 AB
459 2815 525 2863 aditi.
579 2817 595 2862 8
622 2821 678 2862 ante
695 2815 847 2876 Epiphanius
865 2815 923 2862 aditi
940 2813 1030 2860 addunt

275 2889 320 2932 eat.
347 2884 358 2931 ΙΙ
383 2887 517 2946 epiphanus
536 2887 566 2946 Β,
594 2887 745 2948 epyphanius
765 2884 789 2934 θ.
817 2885 827 2934 ΙΙ
852 2889 901 2943 tar]
923 2885 1029 2942 tunes,

275 2961 328 3003 tum
346 2955 411 3003 editi.
439 2957 449 3004 ΙΙ
475 2959 536 3018 cipri
553 2959 583 3005 B.
657 2959 672 3004 9
695 2963 754 3017 post
770 2970 815 3004 suo
836 2958 881 3003 AB
899 2957 957 3004 aditi
974 2955 1030 3002 add.

275 3027 318 3073 ait.
345 3026 356 3074 t
381 3027 490 3089 eleqqul
515 3030 543 3076 da
567 3036 634 3076 terra
656 3031 719 3075 inter·
729 3027 799 3088 filios
816 3028 885 3074 Noae
902 3027 1030 3074 distributa

274 3097 426 3156 Epiphaniae
448 3103 500 3161 aput
516 3102 632 3148 Ancurae.
655 3113 675 3146 c.
686 3099 817 3145 114-116
837 3098 954 3158 (Operam
973 3104 989 3144 t.
1005 3099 1028 3146 2.

270 3184 298 3228 p.
308 3171 440 3216 116-118
457 3173 564 3228 Petam).
615 3172 646 3217 12
666 3171 774 3232 iemphet
793 3168 817 3216 0.
874 3170 904 3215 12
926 3171 957 3216 18
977 3170 1029 3229 pari

273 3241 340 3297 viee]
358 3242 466 3300 pariuiee
485 3243 514 3301 B,
541 3243 632 3302 pariter
649 3241 715 3289 editi·
780 3241 811 3287 18
838 3240 967 3288 latitudine
986 3241 1029 3286 AB

274 3311 339 3358 editi.
395 3313 427 3358 14
447 3315 473 3370 al
492 3315 524 3360 ad
541 3314 564 3360 B
582 3313 647 3361 editi.
674 3313 683 3360 ΙΙ
709 3325 773 3360 mare
786 3325 873 3372 magno
892 3312 944 3370 AB,
963 3325 1027 3358 mere

274 3397 388 3442 magnum
406 3384 470 3430 editi.

826 3452 877 3507 ²⁵*
