2710 4004
237 407 318 444 ovino
337 397 370 443 2⁷
1011 393 1062 446 467

257 565 269 609 1
307 563 326 606 a
354 541 510 627 superiori
537 550 625 606 terra
655 549 750 606 tenus
780 541 936 606 eeclesiae
964 542 1059 607 huius

255 668 269 713 a
304 658 396 730 parte
419 645 517 729 quino
545 645 681 711 miliario
710 645 822 710 auulsa
843 645 877 708 in
900 645 989 711 silvis
1014 645 1059 710 oi-

254 771 269 816 s
304 749 388 813 vitas
404 757 454 815 est
466 745 699 834 Cupersauum.
732 749 823 814 iuxta
836 758 966 835 portum
980 772 1058 814 vero

253 874 269 920 4
303 874 404 936 parva
425 852 640 918 Polinianum.

253 977 268 1023 5
336 955 390 1024 27.
434 955 563 1020 Dehino
589 957 624 1020 in
652 957 746 1022 litore
775 958 889 1023 civitas
916 957 1056 1040 Dimum,

253 1081 267 1126 s
303 1081 385 1143 quae
407 1081 494 1124 nuno
507 1059 705 1146 Monopolis‚
729 1070 789 1143 est,
811 1059 933 1127 habens
953 1063 987 1126 iu
1002 1061 1058 1128 sii-

252 1185 266 1230 7
302 1164 351 1230 vis
374 1162 494 1250 oppida
515 1163 674 1248 quaedam
742 1165 744 1170 ’

251 1288 266 1332 s
452 1268 654 1356 Augustium

239 1390 266 1435 ‚o
452 1370 634 1458 Speluncae

235 1494 267 1538 10
452 1473 610 1542 Saunium

236 1597 266 1642 11
452 1579 639 1645 Veientium
661 1603 743 1664 quae
766 1590 799 1644 et
822 1577 1022 1662 Cominium,

236 1698 267 1743 12
302 1687 334 1744 et
356 1689 431 1765 post
453 1681 512 1747 has
535 1683 697 1766 antiquior
723 1692 976 1767 ouuotarumque
998 1705 1056 1747 no·
1116 1690 1118 1694 ’

235 1801 266 1847 1s
300 1782 397 1848 bilior
409 1784 641 1867 Brundusium,
662 1787 697 1850 in
719 1808 782 1868 qua
801 1787 939 1851 ecclesia
952 1787 1057 1850 saneti

235 1905 267 1950 14
301 1888 464 1973 pontificis
499 1900 531 1954 et
566 1889 759 1954 confessoris
789 1886 911 1954 Christi
939 1888 1055 1953 Leuoii

235 2007 266 2053 15
302 1993 434 2080 egregio
457 2016 553 2079 opere
576 2001 772 2074 constructa,
794 1991 851 2058 ubi
875 2001 907 2058 et
929 1993 1055 2076 requie·

235 2110 266 2161 16
301 2097 360 2179 vit,
383 2098 534 2163 cernitur.
571 2098 656 2162 hano
676 2096 790 2161 urbem
810 2095 971 2161 Romoald
991 2096 1054 2160 Be·

234 2215 265 2262 17
301 2211 554 2267 neventanorum
576 2202 726 2287 princeps
751 2222 825 2265 oum
845 2199 988 2264 Tarento
1012 2200 1054 2264 si-

195 2357 204 2375 ,
234 2322 265 2368 18
301 2306 369 2370 mul
392 2306 478 2392 oepit
499 2316 532 2370 et
555 2305 668 2388 diruit,
698 2303 844 2370 similiter
872 2325 999 2388 quoque
1022 2313 1055 2370 et

234 2428 265 2472 rs
302 2419 426 2476 oeteras
447 2411 594 2476 civitates
616 2407 801 2476 Salentinae
828 2409 984 2494 regionis
1016 2431 1053 2472 eo

232 2533 265 2578 ro
301 2513 389 2598 quod
411 2515 571 2580 exercitus
586 2514 805 2580 Romanorum
820 2511 860 2576 ab
876 2511 956 2576 urbe
968 2509 1054 2576 Con·

335 2712 427 2758 codices
444 2710 516 2774 bsmr.
763 2709 795 2772 cs.
809 2711 868 2758 Rau.
883 2711 933 2757 261
955 2711 1017 2770 7rq.

301 2820 315 2865 8
335 2831 492 2877 ouspernnum
507 2833 529 2875 r,
548 2818 617 2864 todia
635 2815 797 2864 Oonversano.
851 2817 867 2862 4
886 2816 1050 2872 Polinianuml

300 2889 447 2948 polimanurn
468 2887 545 2948 bfmr,
577 2889 645 2935 lodie
663 2888 803 2947 Polignano.
877 2889 891 2934 5
918 2887 1001 2934 littore
1024 2885 1051 2947 f.

299 2960 308 3006 ΙΙ
321 2967 379 3018 post
405 2961 491 3006 civitas
512 2958 534 3020 f
555 2960 623 3006 ocidit
649 2964 693 3004 est.
730 2959 740 3004 ii
779 2958 886 3015 Diriuml
915 2959 1003 3004 tarium
1025 2956 1051 3019 f.

301 3033 315 3078 6
343 3030 493 3089 Monopolis]
525 3033 649 3076 etiamnum
669 3027 803 3088 Monopoli.
888 3031 902 3075 7
930 3030 1004 3088 opida
1024 3027 1050 3088 f.

301 3103 475 3160 Sauguarium
497 3099 523 3162 f.
583 3104 613 3147 10
642 3100 770 3156 Saunium]
790 3100 901 3146 savinum
912 3097 939 3160 s,
968 3100 1052 3147 Scam-

299 3187 356 3218 num
379 3172 434 3218 Tau.
509 3174 539 3218 ll
568 3173 703 3218 valencium
715 3169 742 3230 f.
770 3170 780 3216 ΙΙ
806 3169 960 3227 Carbiniuml
983 3171 1052 3217 hodie

300 3241 446 3303 Carovigni?
468 3244 510 3290 red
520 3242 632 3304 fortasse
649 3245 745 3288 nimiam
763 3241 844 3288 distat.
902 3243 932 3288 13
953 3242 1052 3288 brundi-

299 3315 361 3360 sium
375 3313 410 3374 bs.
467 3315 497 3361 15
519 3321 543 3362 et
560 3330 604 3362 om.
617 3330 639 3360 r.
697 3315 727 3360 16
747 3309 887 3372 romuleis,
907 3313 1016 3360 romoiad
1029 3313 1050 3359 ὀ.

300 3385 309 3432 ΙΙ
322 3387 509 3434 beneventorum
521 3386 548 3447 f.
605 3388 636 3432 18
664 3385 786 3440 similiter]
806 3382 878 3430 simui
897 3397 941 3429 mr.

852 3465 897 3506 ³⁰·
