2790 4196
476 779 479 786 ·
556 755 698 841 Apolum

555 857 691 946 Caspiae

554 963 657 1029 Ermu

554 1067 734 1132 Fontfelioe

553 1168 688 1236 Surtum

554 1270 739 1358 Sarapama.

447 1376 531 1441 Item
553 1399 618 1441 non
632 1376 729 1464 longe
745 1399 765 1442 a
779 1376 909 1441 civitate
923 1373 1157 1464 Stranguriana

403 1489 453 1545 est
475 1480 589 1544 civitas
612 1501 694 1564 quae
716 1477 835 1544 dicitur
910 1493 912 1500 '

554 1581 683 1649 Chadas

554 1687 707 1754 Andacas

553 1791 740 1857 Datamissa

554 1892 771 1960 Chalchidara

553 1999 645 2086 Egea

552 2101 662 2171 Satala

550 2209 701 2273 Domana

552 2309 765 2377 Salommecia

552 2413 686 2479 Medoia

554 2517 653 2582 Patra

552 2621 623 2686 Bile

405 2813 416 2858 1
446 2807 553 2870 Apulum
575 2809 631 2857 Tab.
686 2812 701 2857 2
730 2809 832 2872 Caspiae
850 2813 921 2858 etiam
942 2811 1006 2869 Tab„
1025 2813 1106 2872 caspie
1123 2813 1153 2863 Β.

403 2883 417 2930 8
447 2894 504 2928 amn
521 2881 552 2940 B,
574 2881 633 2929 armi
650 2881 679 2940 A,
702 2879 742 2928 Ad
760 2882 905 2929 Mercurium
926 2882 982 2929 Ταὸ.
1055 2883 1071 2929 4
1098 2887 1155 2930 aont

401 2951 471 3000 feIIce
482 2951 512 3011 Β,
531 2951 570 2998 ad
586 2949 677 3000 fontani
689 2951 784 2999 felicem
806 2952 861 2998 Yab.
928 2954 942 3000 ὁ
962 2953 1073 3019 anm
1089 2952 1154 3000 Ptol.

403 3025 417 3070 6
452 3021 595 3084 Sarapamal
619 3017 774 3094 Σαράπανα
800 3024 889 3071 Strabo
921 3021 1060 3089 (Sarapana
1085 3027 1156 3071 etiam

335 3127 337 3135 .
401 3093 565 3156 apoqrapham
583 3091 713 3157 Laidem).
777 3097 792 3142 8
820 3099 868 3154 eat}
887 3101 912 3143 et
929 3096 981 3141 AB.
1048 3096 1062 3141 9
1091 3094 1155 3142 Cha-

402 3167 445 3213 das
464 3167 533 3212 etiam
550 3165 604 3217 Tab.
652 3167 683 3212 10
713 3167 833 3213 andachas
851 3167 873 3213 B
892 3167 956 3224 aditi,
974 3165 1078 3225 Andaga
1099 3165 1155 3212 Tab.

404 3239 433 3284 11
463 3237 600 3284 Datamiaaa
618 3239 689 3283 etiam
705 3237 769 3295 Tab„
789 3238 937 3283 dathamiaaa
954 3237 983 3282 Α.
1039 3237 1072 3283 12
1100 3235 1156 3283 Cal-

401 3309 488 3355 cidaua
509 3307 565 3354 Tab.
617 3309 648 3355 1a
676 3307 759 3368 Aegea
781 3307 837 3352 Tab.
892 3306 976 3353 1415
1006 3305 1088 3353 Satala
1105 3307 1156 3354 Do-

400 3393 472 3427 mana
490 3381 559 3425 etiam
581 3379 636 3425 Ταὸ.
693 3379 724 3424 16
753 3376 919 3433 SalommaeIal
938 3375 1014 3423 aalom
1032 3378 1109 3423 macia
1126 3379 1155 3435 A,

400 3449 478 3498 saloni
500 3451 523 3496 B
549 3451 617 3508 editi,
646 3447 790 3496 Saloneniea
815 3447 872 3493 Ταῦ.
957 3449 988 3494 17
1017 3449 1103 3494 madoa
1126 3450 1155 3506 A,

400 3521 511 3568 Medocia
533 3521 587 3567 Tab.
653 3521 685 3566 18
714 3519 802 3566 Patara
823 3517 879 3564 rab.
944 3519 975 3564 19
1003 3517 1073 3564 Bilaa
1091 3518 1155 3576 editi,

399 3591 476 3653 Bylae
498 3591 554 3638 Tab.
