2562 3996
177 375 258 410 nuno
278 364 310 410 42
950 365 998 420 481

197 534 209 578 1
282 509 334 578 42.
380 509 463 574 Item
485 513 574 576 iuxta
596 511 733 578 Romam
756 513 808 578 via
824 513 932 598 Appia
954 523 1003 579 est

196 635 210 678 a
249 614 362 678 civitas
385 636 466 698 quae
489 614 608 680 dieitur

195 739 210 782 a
398 718 533 784 Bubalia

195 842 210 884 4
399 821 505 887 Aritia

196 943 209 988 5
398 924 587 992 Velanubus

196 1049 210 1094 a
399 1029 480 1096 Tres
503 1030 654 1096 tabernas

196 1151 209 1194 7
400 1133 502 1220 Appii
524 1135 645 1200 Forum

195 1255 209 1298 8
397 1237 536 1304 Feronia

196 1361 209 1403 e
397 1339 518 1408 Suessa
539 1343 658 1408 Irunea

179 1463 209 1508 10
397 1445 485 1510 Pons
509 1444 693 1532 Campanus

179 1567 207 1608 11
396 1547 540 1614 Urbanis

179 1668 209 1710 12
399 1647 585 1735 Cassium,
614 1655 648 1716 in
677 1675 740 1736 quo
770 1663 819 1718 est
841 1663 1001 1718 monaste-

179 1772 209 1814 13
247 1755 330 1817 rium
355 1753 597 1820 celeberrimum
627 1758 731 1820 saneti
753 1755 938 1837 Benedicti,
966 1758 1000 1822 in

178 1875 210 1918 14
247 1879 310 1940 quo
333 1855 419 1920 idem
441 1859 490 1920 vir
512 1868 644 1924 sanatus
667 1858 815 1924 omnibus
837 1860 1000 1924 miraculis

179 1978 209 2022 15
246 1961 376 2026 effulsit.

179 2085 209 2130 16
397 2064 585 2131 Casulinum

177 2192 208 2235 11
397 2167 510 2256 Capua
532 2179 630 2256 caput
653 2167 859 2255 Campaniae,
884 2171 999 2236 fertilis

178 2295 208 2340 18
247 2275 387 2360 gloriosa
408 2274 594 2360 principalis
618 2283 714 2358 atque
730 2272 999 2358 splendidissima,

178 2399 208 2443 19
247 2401 311 2442 una
327 2401 374 2442 ex
396 2377 501 2442 tribus
531 2379 628 2464 regiis
657 2399 695 2442 ae
716 2377 865 2460 famosis,
894 2377 999 2444 Roma

177 2502 208 2546 20
247 2482 426 2569 Kartagine
437 2483 571 2565 ipsaque
583 2484 688 2547 tertia.
722 2481 998 2548 hancintereom-

281 2733 372 2778 codices
390 2731 462 2792 bsmr.
575 2769 577 2772 .
689 2731 723 2793 cf
736 2733 794 2778 Rau.
810 2733 859 2778 276
880 2735 912 2778 16
925 2748 960 2792 aq.

246 2857 260 2901 4
289 2858 368 2902 arania
395 2855 431 2916 bf.
523 2857 536 2904 b
565 2857 605 2904 vel
623 2858 717 2904 anubus
743 2871 787 2915 mr,
814 2856 952 2903 velanubris
969 2856 996 2918 f.

248 2927 337 2974 12-15
370 2925 653 2985 cassinum-effulsit]
681 2928 739 2974 haec
765 2927 847 2989 ylossa
869 2942 996 2986 perperam

247 3005 301 3042 ante
316 2997 458 3044 Casulinum
473 3001 563 3044 inserta
580 3005 622 3056 eat,
641 2999 738 3044 eumad
749 3013 809 3059 paq.
820 2999 871 3044 179
891 2998 925 3043 22
938 3013 996 3058 per-

247 3071 328 3124 tineat,
346 3068 386 3114 nbi
398 3069 461 3116 male
473 3070 572 3118 Lusium
584 3085 632 3128 pro
645 3069 744 3116 Cassino
757 3069 851 3130 leyitnr.
907 3071 939 3116 13
958 3084 996 3116 ce-

242 3139 383 3186 leberimum
395 3155 425 3184 m.
469 3143 499 3186 19
520 3144 559 3196 ex]
573 3147 597 3186 et
609 3140 644 3200 bf.
662 3142 672 3186 ΙΙ
688 3141 751 3199 regis
763 3139 797 3200 hs.
840 3141 872 3186 20
888 3140 994 3202 tercias.

245 3209 410 3271 essionis]
433 3213 478 3268 11,·
492 3227 519 3270 p.
531 3212 563 3257 20
582 3214 647 3257 v.17
666 3211 735 3256 laha.
762 3210 771 3256 ΙΙ
793 3211 995 3270 postcompluree

245 3280 355 3328 lacunam
379 3285 449 3328 triam
472 3291 578 3328 veranum
601 3289 623 3329 et
647 3281 738 3328 dimidii
756 3296 865 3340 capacem
885 3281 954 3327 habet
972 3282 993 3340 b,

243 3367 289 3398 non
309 3352 395 3399 liabent
410 3352 473 3413 smr.

796 3438 824 3476 ³1
