2710 4004
226 401 308 436 ovruo
329 390 361 436 2⁹
996 385 1050 440 460

246 557 258 600 1
297 543 329 598 et
354 543 451 620 portu
480 533 623 601 eiusdem
645 533 772 598 Lietiee
802 535 864 599 situ
892 545 958 616 est,
990 554 1049 598 xxx

245 661 259 704 1
295 637 362 701 fere
384 637 520 702 miliaria
542 647 768 722 supputantur.

244 763 258 808 e
328 739 381 808 29.
449 740 618 806 Ydroutus

243 867 259 910 4
446 845 643 928 Minervum,
664 845 698 909 iu
722 866 785 928 qus
805 846 962 930 templum
984 845 1050 910 Mi·

244 972 258 1018 s
295 972 424 1031 nervae,
444 947 501 1013 ubi
512 948 675 1014 Anchises
690 957 783 1034 puter
798 949 930 1014 Aeneae
944 949 1048 1034 primo

239 1071 258 1120 'o
294 1053 459 1118 hominem
494 1075 593 1137 equos
627 1061 796 1138 pascentes
830 1052 958 1118 Iteliem
993 1050 1049 1116 ed-

244 1181 258 1225 7
295 1166 409 1222 vectus
432 1157 609 1244 prospexit,
631 1166 668 1221 ut
689 1157 762 1221 infit
776 1155 945 1243 Virgilius.

244 1283 259 1329 s
445 1261 581 1326 Beretos
605 1283 687 1345 quae
710 1283 796 1326 nuno
818 1260 930 1325 Leuce

244 1387 258 1432 e
447 1364 573 1429 Yeutos
598 1387 679 1448 quae
702 1385 789 1429 nuno
811 1365 1001 1452 Augentum

227 1483 259 1528 11
446 1467 635 1532 Valentium

228 1585 259 1630 11
445 1571 569 1636 Lubias
591 1570 648 1634 ubi
670 1593 757 1636 nune
780 1581 830 1636 est
852 1570 1007 1660 Oulipolis

228 1688 259 1732 12
446 1673 600 1740 Saturum

228 1791 260 1838 1s
446 1778 641 1860 Tarentum,
669 1779 783 1844 inolita
811 1800 850 1843 ao
877 1779 996 1866 regulis
1018 1791 1051 1844 et

228 1893 260 1940 14
297 1881 439 1945 omnium
463 1882 627 1966 copiarum
649 1881 903 1966 opulentissime,
930 1883 965 1946 in
988 1904 1052 1966 qua

228 2001 258 2046 11
298 1981 439 2065 Quintus
451 1985 577 2050 Ennius
588 1995 686 2071 poeta
702 1986 944 2069 antiquissimus
959 2008 1051 2050 exor-

227 2108 259 2155 1s
296 2096 349 2153 tus
371 2087 495 2154 Romae
518 2088 636 2154 floruit.

331 2215 423 2262 codices
442 2214 514 2277 bsmr.
765 2215 799 2277 of.
811 2217 871 2263 Bau.
885 2217 935 2262 261
955 2216 1015 2261 262.

298 2311 310 2356 1
330 2312 398 2366 xxx}
416 2309 517 2370 triginta
529 2309 550 2356 b.
593 2311 607 2355 2
627 2309 789 2368 subputantur
800 2325 831 2358 m.
873 2312 887 2358 3
906 2312 1015 2358 ioroutus
1028 2308 1050 2356 b.

297 2380 311 2427 ὁ
341 2390 398 2427 enee
426 2380 499 2442 bfmr.
536 2381 546 2427 ΙΙ
583 2381 660 2440 primo
688 2382 823 2438 homiuem]
851 2384 920 2428 immo
947 2383 1051 2440 primum

296 2465 375 2498 omen.
425 2455 438 2498 7
457 2451 586 2512 Virgilius]
605 2452 643 2496 vir
653 2465 681 2507 r,·
698 2451 825 2498 Aeneid.3
843 2452 904 2499 537.
953 2454 967 2498 8
986 2463 1050 2497 nuuc

291 2520 470 2583 postLeueef.
516 2523 679 2582 tangentum
685 2520 712 2583 s,
731 2522 854 2570 sulentum
865 2537 910 2569 mr.
959 2523 1051 2568 1011-

295 2602 400 2650 leucium
413 2601 440 2663 f.
496 2604 526 2648 11
545 2587 627 2650 lublss
649 2618 695 2650 mr.
731 2605 741 2650 ΙΙ
769 2602 881 2666 fortasse
899 2603 958 2649 ordo
976 2603 1051 2648 nomi·

295 2688 350 2719 num
374 2674 482 2720 turbatus
506 2680 547 2719 est.
589 2675 654 2733 apud
675 2675 835 2721 Rauennatem
857 2675 923 2732 (261
948 2675 980 2720 10
998 2675 1049 2732 sq.)

297 2742 408 2806 lsyuntur
425 2745 593 2802 Brendesium,
613 2745 746 2801 Baletium,
767 2745 858 2806 Lupis,
879 2744 962 2792 deinde
981 2743 1049 2802 (262

298 2815 370 2870 6-8)
398 2813 532 2873 Baletium,
562 2815 689 2873 Neretum,
717 2816 853 2872 Manduris3
882 2813 951 2877 infru
974 2820 1050 2860 autem

296 2899 316 2932 o.
329 2886 360 2930 71
380 2885 531 2943 Valentium,
556 2886 722 2943 Brundisium,
747 2887 841 2944 Lloois,
861 2886 945 2933 deinde
962 2884 1052 2931 Voleu-

296 2957 365 3014 tium,
383 2956 482 3014 Lubias,
501 2955 620 3003 Saturum.
649 2958 659 3002 ll
685 2955 814 3016 Culipolis]
834 2959 960 3004 etiamnum
973 2955 1050 3002 Galli-

296 3027 356 3087 poli.
422 3027 452 3074 15
482 3025 597 3084 Quintus}
617 3026 646 3082 Q.
660 3025 724 3087 fmr.
760 3028 770 3074 ll
812 3029 916 3074 Ennium
933 3027 1050 3074 Rudinum

296 3100 367 3144 stium
397 3097 547 3144 Tarentinum
574 3097 696 3157 appellari
728 3099 796 3145 doust
822 3099 978 3159 Hieronymus
1008 3095 1051 3143 Co-

297 3167 377 3214 lumna
400 3171 424 3214 in
446 3170 496 3214 nitu
514 3169 599 3224 Ennii,
623 3171 667 3214 etsi
690 3183 750 3229 quas
773 3169 875 3216 Sanctum
893 3170 1052 3228 Hieronymus

296 3242 320 3286 in
343 3239 455 3285 chronico
473 3240 607 3286 Eusebium
631 3240 701 3286 labet
725 3239 845 3296 „Quintus
867 3241 961 3286 Ennius
979 3243 1052 3298 poeta

295 3311 394 3357 Tarenti
412 3312 533 3360 nescitum
553 3314 577 3357 in
595 3311 693 3358 Eusebii
710 3311 811 3358 editione
828 3313 935 3358 armenio
952 3324 1000 3355 non
1019 3307 1052 3354 ls-

295 3388 393 3443 quntur.
