2872 4210
322 363 368 404 xn
656 363 806 399 musmo.

263 509 267 516 “
390 507 588 575 547-556.
640 507 708 571 eius
736 507 957 593 apographum
987 504 1141 572 debemus

389 619 548 684 amicitiae
569 617 739 686 Wilhelmi
759 617 964 683 Bethmanni.

338 821 367 862 m
389 797 493 864 codex
506 798 761 866 Mediolanensis
777 797 1013 864 Ambrosianus
1028 798 1060 864 R
1078 799 1142 866 104

390 935 461 998 sup.
490 913 577 976 folio.
628 919 678 976 est
706 910 913 993 chartaceum
941 911 1062 975 saeculi
1082 931 1141 976 xri.

390 1025 533 1090 continet
555 1023 711 1110 opuscula
731 1023 885 1086 nonnulla
898 1023 1016 1108 partim
1030 1023 1143 1105 latin0,

389 1136 507 1222 partim
527 1136 637 1200 italico
660 1157 805 1200 sermone
829 1135 1022 1222 conscripta.
1060 1133 1143 1202 Gui-

389 1247 482 1314 donis
505 1247 588 1312 liber
609 1247 656 1314 ita
677 1246 790 1332 incipit
814 1244 971 1334 „Sumpta
992 1271 1031 1312 ex
1051 1247 1142 1314 libris

391 1355 1049 1448 CosmographyeGuidonisRauennatie.
1087 1358 1142 1423 In·

390 1472 514 1558 cipiunt
528 1473 676 1554 feliciter,
691 1479 724 1536 et
737 1470 840 1557 primo
855 1471 1020 1558 prologus.
1059 1469 1142 1536 Cum

389 1585 473 1648 inter
505 1584 670 1650 homines“
707 1592 767 1648 etc.
828 1584 971 1648 continet
1007 1585 1142 1670 paginas

390 1697 574 1765 449-501
602 1697 633 1762 4.
683 1696 769 1760 hunc
799 1694 945 1760 codicem
967 1695 1008 1760 ab
1030 1696 1143 1762 huma·

390 1808 491 1874 nitate
507 1808 673 1874 Vincentii
689 1805 830 1872 Catenae
845 1806 938 1872 nobis
954 1830 1143 1874 conoessum

390 1943 474 1986 anno
502 1919 585 1988 1854
607 1919 786 1986 Mediolani
816 1920 970 2007 degentes
999 1921 1062 2006 ipsi
1088 1943 1143 1986 ex·

390 2033 560 2098 cussimus.

346 2210 364 2250 r
394 2186 497 2251 codex
519 2187 685 2253 Romanus
714 2185 921 2253 Sessorianus
949 2187 1014 2258 286
1045 2188 1143 2273 (olim

391 2299 476 2384 346)
506 2299 540 2364 in
566 2298 764 2364 bibliotheca
791 2300 976 2364 monatterii
1004 2298 1143 2366 Sanctae

391 2409 506 2476 Crucis
527 2411 840 2498 Hierosolymitanae
863 2421 1056 2478 asservatus.
1094 2422 1144 2477 est

391 2524 591 2606 chartaceus,
609 2523 729 2588 saeculi
743 2543 792 2605 xv,
807 2523 909 2588 nitide
924 2525 1079 2609 scriptus3
1094 2525 1144 2589 fo·

389 2635 504 2700 liorum
526 2635 662 2700 latitudo
691 2644 740 2700 est
760 2636 913 2721 pollicum
941 2634 1084 2704 Rhene
1111 2647 1143 2702 et

391 2748 549 2814 linearum
567 2748 600 2829 4,
622 2745 758 2811 altitudo
780 2748 933 2833 pollicum
949 2751 968 2815 7
993 2756 1025 2812 et
1043 2749 1144 2813 linea-

391 2883 462 2924 rum
486 2864 516 2926 5.
569 2859 711 2924 continet
737 2870 864 2944 praeter
885 2861 1042 2945 opuscula
1063 2862 1143 2925 varii

392 2971 573 3058 argumenti
595 2968 778 3036 &aidonem
799 2970 874 3035 inde
897 2995 917 3036 a
937 2972 1057 3059 pagina
1078 2972 1143 3041 449

393 3083 502 3150 -501
535 3085 567 3148 4.
619 3083 713 3148 huius
743 3081 864 3148 codicis
895 3084 1021 3169 copiam
1049 3083 1142 3150 nobis

390 3195 469 3260 fecit
497 3193 680 3280 benignitas
703 3192 854 3282 Gregorii
882 3195 1040 3261 Bartolini
1069 3218 1143 3261 cum

390 3329 420 3372 a.
447 3305 532 3375 1854
554 3305 678 3372 Romae
700 3329 979 3374 commoraremur.
