2872 4210
380 519 416 574 82
787 570 794 581 ,
1135 518 1199 566 11³

401 686 413 730 1
452 662 595 728 ediscere
618 685 798 748 possumus.
845 661 903 728 sed
917 663 946 727 si
959 663 1087 749 legeris,
1111 660 1200 728 Odo-

399 788 414 834 a
452 789 536 848 care,
564 766 684 832 bellum
715 765 803 850 quod
831 767 932 854 gessit
953 767 1112 832 Traianus
1134 766 1200 832 Ro-

398 892 414 937 e
450 894 617 936 manorum
639 872 822 955 imperator,
848 869 975 952 quando
997 869 1074 934 litus
1096 879 1199 934 totum

398 996 414 1040 4
450 983 596 1040 arctoum
619 972 788 1040 Oceanum
811 971 995 1054 ambulavit,
1018 972 1145 1056 quando
1168 983 1200 1036 et

398 1096 413 1144 e
450 1078 616 1144 Dacorum
637 1100 747 1163 regem
770 1073 899 1160 devicit,
926 1076 1058 1140 mirifice
1080 1075 1200 1142 ibidem

399 1199 413 1244 e
450 1181 593 1246 invenies
605 1179 764 1264 quomodo
776 1177 972 1246 mirabantur
982 1179 1199 1244 Romanorum

399 1305 413 1348 7
450 1283 679 1368 sapientissimi
702 1281 892 1350 arbitrantes
919 1283 1060 1350 detinere
1082 1293 1199 1348 terram

398 1405 413 1450 8
451 1387 636 1471 aequaliter.

398 1511 412 1556 s
485 1489 536 1558 14.
581 1491 626 1558 Et
655 1491 683 1556 si
711 1491 826 1574 aliquis
848 1491 1049 1578 proposuerit
1078 1490 1222 1571 dicens,-

381 1614 413 1660 ιο
450 1618 515 1662 non
537 1595 597 1660 rite
621 1594 679 1660 sed
699 1596 801 1682 magis
824 1597 1007 1682 ignoranter
1028 1618 1086 1681 per
1106 1595 1199 1660 hora-

380 1717 412 1762 11
449 1723 521 1766 rum
543 1699 648 1764 noctis
672 1699 927 1786 septentrionalis
948 1698 1062 1786 plagae
1079 1699 1200 1766 circum

380 1811 412 1858 12
448 1803 583 1870 limbum
596 1801 720 1868 Oceani
733 1805 856 1888 positae
871 1803 992 1890 patriae
1007 1811 1198 1890 supputatae

380 1915 412 1960 13
449 1916 536 1989 suut,
559 1906 636 1972 dum
651 1907 842 1992 quandoque
857 1905 1057 1992 horologium
1070 1929 1135 1972 non
1150 1915 1199 1970 est

379 2021 412 2066 14
450 2020 483 2074 et
497 2011 643 2094 fortasse,
659 2021 696 2076 ut
711 2010 846 2094 adsolet,
863 2035 928 2076 nox
943 2011 1118 2098 caliginosa
1133 2009 1199 2072 exi·

379 2124 410 2170 15
448 2127 538 2182 stens
560 2116 649 2180 nullo
672 2115 768 2180 modo
782 2115 869 2180 valet
890 2115 985 2182 homo
1002 2113 1107 2178 noctis
1123 2135 1198 2198 sup-

379 2231 410 2276 16
448 2219 593 2306 putando
615 2220 866 2302 intuerihoras,
893 2243 951 2306 per
973 2241 1063 2303 qum,
1091 2226 1128 2282 ut
1150 2215 1198 2280 di-

379 2335 410 2380 17
448 2333 537 2388 ctum
553 2333 613 2404 est,
637 2345 831 2409 cognoscere
846 2324 948 2410 possit
968 2322 1127 2408 praefatas
1141 2343 1198 2405 pa-

379 2439 410 2486 18
446 2427 543 2490 trias:
568 2425 685 2509 quibus
700 2426 959 2514 respondendum
974 2435 1023 2490 est
1039 2423 1197 2510 quomodo

379 2543 410 2588 19
446 2552 525 2616 ergo
553 2530 588 2594 in
618 2531 737 2595 sanctis
771 2531 938 2616 scripturis
965 2531 1121 2596 insertum
1149 2537 1198 2592 est

378 2645 410 2692 20
448 2633 536 2718 quod
566 2634 708 2716 „lactum
737 2644 786 2700 est
808 2637 912 2702 noctis
940 2635 1098 2715 medium,
1124 2655 1197 2718 per-

377 2751 409 2796 21
446 2737 550 2802 cussit
573 2735 720 2804 domiuus
744 2763 870 2805 omnem
891 2741 1139 2828 primogenitum
1163 2739 1195 2802 in

377 2854 409 2902 22
446 2850 533 2906 terra
548 2842 729 2929 Aegypti;“
755 2853 787 2909 et
808 2845 1072 2932 psalmographus
1086 2847 1196 2914 David

377 2958 410 3003 23
447 2946 492 3010 ait
517 2946 644 3028 „media
667 2956 761 3012 nocte
785 2947 955 3036 surgebam
978 2946 1019 3012 ad
1043 2951 1196 3024 confiten-

449 3134 462 3178 1
500 3131 624 3180 Odocarae
646 3134 715 3190 editi,·
736 3131 848 3194 fortusse
864 3132 917 3180 Odo
939 3147 1006 3192 care;
1034 3133 1066 3196 cs.
1087 3138 1101 3182 1
1122 3138 1154 3182 11
1180 3152 1194 3183 o

446 3205 480 3250 mi
491 3205 564 3252 frater
575 3206 703 3262 carissime,
723 3210 745 3249 et
762 3203 795 3248 31
815 3204 847 3249 11
868 3205 977 3250 comice.
1013 3207 1153 3254 2troianus
1165 3210 1193 3254 A.
1226 3230 1232 3248 r

439 3276 461 3322 .5
490 3281 570 3336 regem
594 3279 621 3324 Α.
697 3278 710 3321 7
737 3275 837 3320 detineri
865 3274 929 3322 editi.
1001 3277 1031 3322 11
1060 3284 1142 3324 noctes
1165 3282 1193 3324 A.

448 3348 479 3394 12
507 3347 617 3407 lymbum
635 3348 668 3404 B,
696 3345 797 3406 ymbum
818 3346 853 3403 Α,
881 3347 920 3406 qai
936 3345 1037 3394 limbum
1058 3350 1091 3394 11
1112 3351 1193 3410 zssq.

447 3419 480 3464 20
515 3419 605 3464 factum
633 3419 681 3473 estl
708 3415 788 3462 Ecodi
815 3417 849 3460 12
872 3417 914 3462 29.
1020 3420 1051 3464 21
1084 3427 1137 3466 ome
1164 3423 1192 3466 A.

446 3489 480 3534 22
511 3489 594 3548 egypti
613 3487 642 3532 B.
720 3488 751 3532 23
781 3487 860 3532 media
877 3491 959 3545 noete]
978 3488 1067 3536 Psalm.
1080 3492 1132 3536 118
1151 3491 1191 3536 62.
