2710 4004
222 416 246 464 v
265 417 296 463 1⁷
995 412 1048 470 389

242 585 255 629 1
293 570 455 628 aeternam
466 561 602 648 gloriam
614 561 790 648 possidere.
824 563 974 628 nimirum
985 562 1045 629 deo

241 687 256 732 a
293 689 358 732 non
389 665 549 730 contrarie
575 666 783 750 proponimus
814 675 847 732 et
873 665 934 732 deo
956 668 1046 734 auxi·

241 791 256 836 a
292 769 391 834 liante
403 769 433 833 ei
443 769 605 854 placentia
617 768 941 836 subministrabimus.
959 792 1046 835 nunc

241 896 257 940 4
292 873 414 938 insulas
425 895 483 958 per
493 872 636 940 diversas
649 873 796 956 colimus,
810 873 874 939 hoc
885 872 1047 940 estflexus

242 998 256 1046 e
294 973 438 1042 Orientis
468 999 509 1042 ex
532 973 667 1042 Oceano
695 977 910 1064 pertinentes,
940 976 1047 1043 idest

242 1101 257 1147 e
294 1101 376 1164 quae
390 1102 449 1165 per
463 1080 584 1144 colfum
598 1080 766 1147 Persicum
782 1091 815 1146 et
830 1081 949 1146 coliium
963 1080 1048 1146 Ara-

243 1204 257 1250 7
292 1183 403 1249 bicum
424 1192 521 1268 atque
544 1183 664 1248 culfum
678 1183 901 1271 Hyrcanicum
922 1207 1047 1270 ponun-
1112 1215 1113 1218 ¹

242 1307 257 1354 e
292 1297 357 1370 tur,
372 1310 430 1354 seu
443 1287 477 1352 in
491 1295 562 1352 toto
573 1289 654 1354 mari
664 1311 793 1376 magno,
809 1285 939 1354 Christo
951 1288 1045 1354 nobis

243 1413 257 1459 a
293 1392 425 1458 iuvante
449 1390 599 1458 subtilius
622 1414 807 1458 enarremus
822 1402 856 1458 et
870 1389 1048 1458 enarrando

225 1519 258 1564 10
294 1496 514 1583 supponimus.

226 1623 257 1668 11
328 1597 379 1666 17.
425 1597 465 1663 In
489 1597 573 1662 coifo
594 1621 671 1663 vero
694 1597 826 1666 Persico
850 1622 890 1664 ex
913 1595 1047 1665 Oceano

226 1725 258 1770 12
294 1725 437 1769 summae
451 1702 552 1788 partis
568 1699 762 1766 meridianae
777 1702 958 1788 pertinente
973 1712 1049 1768 sunt

227 1795 258 1876 la
295 1805 441 1872 diversae
463 1804 599 1887 insulae,
625 1804 805 1889 exquibus
829 1813 862 1870 et
883 1806 1048 1872 nominare

226 1932 258 1978 14
294 1910 461 1991 volumus,
483 1907 518 1973 id
540 1919 590 1974 est

226 2035 257 2082 15
446 2009 557 2100 Ogiris

227 2138 258 2184 16
446 2113 574 2182 Oraoea

226 2245 258 2290 ιτ
334 2258 340 2268 x
444 2219 642 2286 Durcadena

227 2348 258 2394 18
444 2323 610 2390 Racheros

227 2452 258 2498 re
446 2424 572 2515 Orgina

296 2688 311 2734 3
330 2687 547 2734 demonstrabimus
560 2688 636 2748 (corr.
649 2687 896 2747 subministrabimus)
912 2686 936 2734 C.
976 2688 993 2733 4
1011 2687 1048 2732 in-

295 2757 372 2816 soles]
395 2757 533 2818 insulasque
556 2759 599 2804 AB
622 2757 687 2804 editi.
719 2758 729 2804 ΙΙ
760 2758 887 2817 colphoras
907 2756 931 2804 0.
962 2757 971 2803 ΙΙ
1001 2758 1047 2803 hoc

295 2831 344 2886 est}
369 2829 395 2874 hi
418 2827 483 2876 editi.
556 2830 570 2875 6
600 2841 660 2886 quae
680 2841 723 2887 per
744 2843 789 2875 am.
808 2829 853 2875 AB
871 2828 935 2874 editi.
963 2827 973 2874 ΙΙ
998 2827 1048 2874 oel-

294 2900 345 2946 nrm
358 2901 466 2958 (priam
486 2897 617 2958 chelphum
636 2897 660 2945 0.
689 2899 699 2945 ΙΙ
725 2897 815 2948 colinm
834 2898 979 2958 (alterumn
998 2897 1048 2944 col-

294 2970 369 3030 phum
390 2968 414 3016 G.
488 2972 502 3016 7
531 2969 645 3030 colphnm
664 2967 689 3016 C.
717 2969 727 3016 ΙΙ
751 2970 888 3016 hicenioum
906 2969 933 3025 A,
962 2969 1048 3016 iream-

294 3054 349 3087 oum
374 3041 405 3087 B.
478 3041 493 3088 8
521 3053 586 3088 mere
609 3040 653 3086 AB
680 3039 744 3086 editi.
818 3042 832 3086 9
861 3039 995 3088 auxiliante
1023 3037 1047 3085 0.

295 3111 310 3156 9
332 3112 363 3158 10
382 3112 547 3158 etenerrando
558 3111 716 3170 supponimus
734 3111 906 3158 em.ABedite'.
945 3111 976 3156 10
994 3115 1049 3168 poet

294 3183 452 3242 supponimus
477 3181 496 3228 0
517 3181 573 3228 odd.
601 3183 630 3228 de
658 3181 746 3241 colpho
774 3181 867 3241 persico
890 3195 922 3228 ex
944 3193 1048 3228 occeano

294 3265 386 3300 summe
404 3254 481 3312 pertis
498 3251 631 3299 meridiane
649 3253 790 3311 pertinente.
856 3254 886 3298 11
915 3251 1003 3311 colpho
1023 3249 1047 3297 0.

297 3325 328 3372 lo
348 3322 437 3384 Ogyris
454 3321 518 3370 Plio.
536 3321 604 3370 Mela
621 3321 673 3370 olii.
720 3324 751 3369 16
771 3335 856 3370 oreeea
876 3321 900 3369 0.
951 3323 982 3368 18
1001 3321 1049 3368 Bn-

295 3395 353 3441 chos
372 3393 436 3440 editi.
493 3395 524 3440 19
546 3386 664 3465 Ὄργανα
681 3394 780 3440 Arriae.
