<?xml version="1.0" encoding="UTF-8"?>
<!DOCTYPE html PUBLIC "-//W3C//DTD XHTML 1.0 Transitional//EN"
    "http://www.w3.org/TR/xhtml1/DTD/xhtml1-transitional.dtd">
<html xmlns="http://www.w3.org/1999/xhtml" xml:lang="en" lang="en">
 <head>
  <title>
</title>
<meta http-equiv="Content-Type" content="text/html;charset=utf-8" />
  <meta name='ocr-system' content='tesseract 3.04.00' />
  <meta name='ocr-capabilities' content='ocr_page ocr_carea ocr_par ocr_line ocrx_word'/>
</head>
<body>
  <div class='ocr_page' id='page_1' title='image "./ravennatisanony00ravegoog_0028.png"; bbox 0 0 2872 4210; ppageno 0'>
   <div class='ocr_carea' id='block_1_1' title="bbox 204 327 1054 380">
    <p class='ocr_par' dir='ltr' id='par_1_1' title="bbox 204 327 1054 380">
     <span class='ocr_line' id='line_1_1' title="bbox 204 327 1054 380; baseline 0.007 -6"><span class='ocrx_word' id='word_1_1' title='bbox 204 330 245 375; x_wconf 87' lang='lat'>11</span> <span class='ocrx_word' id='word_1_2' title='bbox 1034 327 1054 380; x_wconf 67' lang='grc' dir='ltr'><strong>ὅ</strong></span> 
     </span>
    </p>
   </div>
   <div class='ocr_carea' id='block_1_2' title="bbox 214 473 1086 3224">
    <p class='ocr_par' dir='ltr' id='par_1_2' title="bbox 214 473 1086 2738">
     <span class='ocr_line' id='line_1_2' title="bbox 220 473 1053 560; baseline -0.001 -19"><span class='ocrx_word' id='word_1_3' title='bbox 220 499 231 542; x_wconf 90' lang='lat'>1</span> <span class='ocrx_word' id='word_1_4' title='bbox 271 474 388 540; x_wconf 88' lang='lat' dir='ltr'>libris</span> <span class='ocrx_word' id='word_1_5' title='bbox 414 474 475 540; x_wconf 88' lang='lat' dir='ltr'>sub</span> <span class='ocrx_word' id='word_1_6' title='bbox 497 475 672 539; x_wconf 90' lang='lat' dir='ltr'>multorum</span> <span class='ocrx_word' id='word_1_7' title='bbox 687 473 914 558; x_wconf 84' lang='lat' dir='ltr'>imperatorum</span> <span class='ocrx_word' id='word_1_8' title='bbox 930 483 1053 560; x_wconf 90' lang='lat' dir='ltr'>tempo·</span> 
     </span>
     <span class='ocr_line' id='line_1_3' title="bbox 218 577 1053 668; baseline -0.005 -22"><span class='ocrx_word' id='word_1_9' title='bbox 218 602 233 646; x_wconf 79' lang='lat' dir='ltr'>a</span> <span class='ocrx_word' id='word_1_10' title='bbox 272 578 388 644; x_wconf 85' lang='lat' dir='ltr'>ribus</span> <span class='ocrx_word' id='word_1_11' title='bbox 418 577 557 668; x_wconf 72' lang='lat' dir='ltr'>mundus</span> <span class='ocrx_word' id='word_1_12' title='bbox 586 579 647 643; x_wconf 83' lang='lat' dir='ltr'>iste</span> <span class='ocrx_word' id='word_1_13' title='bbox 677 577 857 662; x_wconf 88' lang='lat' dir='ltr'>descriptus</span> <span class='ocrx_word' id='word_1_14' title='bbox 895 587 954 642; x_wconf 89' lang='lat' dir='ltr'>est.</span> <span class='ocrx_word' id='word_1_15' title='bbox 1005 579 1053 642; x_wconf 88' lang='lat' dir='ltr'>sic</span> 
     </span>
     <span class='ocr_line' id='line_1_4' title="bbox 219 680 1053 767; baseline -0.002 -19"><span class='ocrx_word' id='word_1_16' title='bbox 219 705 233 749; x_wconf 80' lang='lat' dir='ltr'>a</span> <span class='ocrx_word' id='word_1_17' title='bbox 275 683 385 746; x_wconf 91' lang='lat' dir='ltr'>enim</span> <span class='ocrx_word' id='word_1_18' title='bbox 401 683 447 746; x_wconf 89' lang='lat' dir='ltr'>ait</span> <span class='ocrx_word' id='word_1_19' title='bbox 462 681 592 766; x_wconf 85' lang='lat' dir='ltr'>quidam</span> <span class='ocrx_word' id='word_1_20' title='bbox 606 680 869 767; x_wconf 86' lang='lat' dir='ltr'>philosophorum</span> <span class='ocrx_word' id='word_1_21' title='bbox 894 680 1053 761; x_wconf 82' lang='lat' dir='ltr'>„Romani</span> 
     </span>
     <span class='ocr_line' id='line_1_5' title="bbox 218 783 1052 876; baseline -0.002 -25"><span class='ocrx_word' id='word_1_22' title='bbox 218 807 236 852; x_wconf 76' lang='lat'>4</span> <span class='ocrx_word' id='word_1_23' title='bbox 274 795 361 850; x_wconf 80' lang='lat' dir='ltr'>tarn</span> <span class='ocrx_word' id='word_1_24' title='bbox 379 809 439 872; x_wconf 89' lang='lat' dir='ltr'>per</span> <span class='ocrx_word' id='word_1_25' title='bbox 454 786 643 876; x_wconf 81' lang='lat' dir='ltr'>sapientiam</span> <span class='ocrx_word' id='word_1_26' title='bbox 656 785 811 870; x_wconf 89' lang='lat' dir='ltr'>plurimos</span> <span class='ocrx_word' id='word_1_27' title='bbox 822 783 1052 869; x_wconf 79' lang='lat' dir='ltr'>amplectentes</span> 
     </span>
     <span class='ocr_line' id='line_1_6' title="bbox 220 888 1052 972; baseline -0.004 -17"><span class='ocrx_word' id='word_1_28' title='bbox 220 911 235 955; x_wconf 82' lang='lat'><strong>5</strong></span> <span class='ocrx_word' id='word_1_29' title='bbox 278 911 398 972; x_wconf 85' lang='lat' dir='ltr'>quam</span> <span class='ocrx_word' id='word_1_30' title='bbox 427 888 613 954; x_wconf 89' lang='lat' dir='ltr'>muneribus</span> <span class='ocrx_word' id='word_1_31' title='bbox 639 888 838 953; x_wconf 88' lang='lat' dir='ltr'>oblectantes</span> <span class='ocrx_word' id='word_1_32' title='bbox 866 910 924 952; x_wconf 86' lang='lat' dir='ltr'>seu</span> <span class='ocrx_word' id='word_1_33' title='bbox 956 889 1052 952; x_wconf 88' lang='lat' dir='ltr'>armis</span> 
     </span>
     <span class='ocr_line' id='line_1_7' title="bbox 222 989 1086 1060; baseline -0.007 0"><span class='ocrx_word' id='word_1_34' title='bbox 222 1017 238 1060; x_wconf 82' lang='lat' dir='ltr'>s</span> <span class='ocrx_word' id='word_1_35' title='bbox 280 991 500 1057; x_wconf 82' lang='lat' dir='ltr'>debellantes</span> <span class='ocrx_word' id='word_1_36' title='bbox 514 1001 619 1056; x_wconf 91' lang='lat' dir='ltr'>totum</span> <span class='ocrx_word' id='word_1_37' title='bbox 640 991 795 1057; x_wconf 91' lang='lat' dir='ltr'>mundum</span> <span class='ocrx_word' id='word_1_38' title='bbox 811 991 872 1056; x_wconf 89' lang='lat' dir='ltr'>sibi</span> <span class='ocrx_word' id='word_1_39' title='bbox 887 989 1053 1057; x_wconf 86' lang='lat' dir='ltr'>subditum</span> <span class='ocrx_word' id='word_1_40' title='bbox 1082 1045 1086 1054; x_wconf 86' lang='lat'>.</span> 
     </span>
     <span class='ocr_line' id='line_1_8' title="bbox 223 1094 1053 1181; baseline 0 -21"><span class='ocrx_word' id='word_1_41' title='bbox 223 1118 238 1161; x_wconf 84' lang='lat'>7</span> <span class='ocrx_word' id='word_1_42' title='bbox 281 1096 409 1160; x_wconf 89' lang='lat' dir='ltr'>multis</span> <span class='ocrx_word' id='word_1_43' title='bbox 424 1096 571 1160; x_wconf 81' lang='lat' dir='ltr'>fecenmt</span> <span class='ocrx_word' id='word_1_44' title='bbox 584 1095 813 1181; x_wconf 87' lang='lat' dir='ltr'>temporibus.“</span> <span class='ocrx_word' id='word_1_45' title='bbox 856 1094 943 1179; x_wconf 90' lang='lat' dir='ltr'>quod</span> <span class='ocrx_word' id='word_1_46' title='bbox 958 1104 991 1160; x_wconf 88' lang='lat' dir='ltr'>et</span> <span class='ocrx_word' id='word_1_47' title='bbox 1005 1105 1053 1160; x_wconf 89' lang='lat' dir='ltr'>te·</span> 
     </span>
     <span class='ocr_line' id='line_1_9' title="bbox 225 1197 1052 1267; baseline -0.006 0"><span class='ocrx_word' id='word_1_48' title='bbox 225 1223 240 1267; x_wconf 87' lang='lat' dir='ltr'>s</span> <span class='ocrx_word' id='word_1_49' title='bbox 285 1207 405 1264; x_wconf 84' lang='lat' dir='ltr'>statur</span> <span class='ocrx_word' id='word_1_50' title='bbox 434 1199 513 1264; x_wconf 92' lang='lat' dir='ltr'>mihi</span> <span class='ocrx_word' id='word_1_51' title='bbox 542 1207 689 1264; x_wconf 85' lang='lat' dir='ltr'>sanctum</span> <span class='ocrx_word' id='word_1_52' title='bbox 719 1197 841 1264; x_wconf 82' lang='lat' dir='ltr'>Christi</span> <span class='ocrx_word' id='word_1_53' title='bbox 868 1197 920 1262; x_wconf 89' lang='lat' dir='ltr'>dei</span> <span class='ocrx_word' id='word_1_54' title='bbox 949 1199 1052 1263; x_wconf 89' lang='lat' dir='ltr'>nostri</span> 
     </span>
     <span class='ocr_line' id='line_1_10' title="bbox 226 1301 1052 1390; baseline -0.002 -20"><span class='ocrx_word' id='word_1_55' title='bbox 226 1327 242 1370; x_wconf 81' lang='lat' dir='ltr'>s</span> <span class='ocrx_word' id='word_1_56' title='bbox 285 1303 504 1390; x_wconf 84' lang='lat' dir='ltr'>evangelium</span> <span class='ocrx_word' id='word_1_57' title='bbox 519 1301 630 1368; x_wconf 89' lang='lat' dir='ltr'>dicens</span> <span class='ocrx_word' id='word_1_58' title='bbox 655 1304 753 1384; x_wconf 80' lang='lat' dir='ltr'>„exiit</span> <span class='ocrx_word' id='word_1_59' title='bbox 768 1301 909 1366; x_wconf 88' lang='lat' dir='ltr'>edictum</span> <span class='ocrx_word' id='word_1_60' title='bbox 926 1303 966 1368; x_wconf 87' lang='lat' dir='ltr'>ab</span> <span class='ocrx_word' id='word_1_61' title='bbox 982 1303 1052 1368; x_wconf 86' lang='lat' dir='ltr'>Au·</span> 
     </span>
     <span class='ocr_line' id='line_1_11' title="bbox 214 1403 1051 1492; baseline -0.002 -18"><span class='ocrx_word' id='word_1_62' title='bbox 214 1430 245 1474; x_wconf 82' lang='grc' dir='ltr'>ιο</span> <span class='ocrx_word' id='word_1_63' title='bbox 288 1416 396 1492; x_wconf 84' lang='lat' dir='ltr'>gusto</span> <span class='ocrx_word' id='word_1_64' title='bbox 413 1403 551 1472; x_wconf 82' lang='lat' dir='ltr'>Caesare</span> <span class='ocrx_word' id='word_1_65' title='bbox 574 1416 611 1471; x_wconf 91' lang='lat' dir='ltr'>ut</span> <span class='ocrx_word' id='word_1_66' title='bbox 634 1405 869 1470; x_wconf 85' lang='lat' dir='ltr'>describeretur</span> <span class='ocrx_word' id='word_1_67' title='bbox 882 1407 1051 1472; x_wconf 87' lang='lat' dir='ltr'>universus</span> 
     </span>
     <span class='ocr_line' id='line_1_12' title="bbox 214 1509 1051 1596; baseline 0.001 -22"><span class='ocrx_word' id='word_1_68' title='bbox 214 1535 244 1580; x_wconf 87' lang='grc' dir='ltr'>ιι</span> <span class='ocrx_word' id='word_1_69' title='bbox 288 1509 417 1574; x_wconf 87' lang='lat' dir='ltr'>orbis.“</span> <span class='ocrx_word' id='word_1_70' title='bbox 464 1509 577 1576; x_wconf 88' lang='lat' dir='ltr'>sedet</span> <span class='ocrx_word' id='word_1_71' title='bbox 600 1509 746 1576; x_wconf 88' lang='lat' dir='ltr'>doctrina</span> <span class='ocrx_word' id='word_1_72' title='bbox 768 1519 953 1574; x_wconf 87' lang='lat' dir='ltr'>sanctorum</span> <span class='ocrx_word' id='word_1_73' title='bbox 975 1534 1051 1596; x_wconf 89' lang='lat' dir='ltr'>apo-</span> 
     </span>
     <span class='ocr_line' id='line_1_13' title="bbox 217 1612 1052 1700; baseline 0.002 -22"><span class='ocrx_word' id='word_1_74' title='bbox 217 1639 249 1684; x_wconf 78' lang='lat'>12</span> <span class='ocrx_word' id='word_1_75' title='bbox 290 1614 455 1678; x_wconf 85' lang='lat' dir='ltr'>stolorum</span> <span class='ocrx_word' id='word_1_76' title='bbox 482 1637 541 1700; x_wconf 90' lang='lat' dir='ltr'>per</span> <span class='ocrx_word' id='word_1_77' title='bbox 561 1623 666 1680; x_wconf 92' lang='lat' dir='ltr'>totum</span> <span class='ocrx_word' id='word_1_78' title='bbox 688 1612 855 1700; x_wconf 83' lang='lat' dir='ltr'>divulgata</span> <span class='ocrx_word' id='word_1_79' title='bbox 884 1623 934 1680; x_wconf 87' lang='lat' dir='ltr'>est</span> <span class='ocrx_word' id='word_1_80' title='bbox 959 1639 1052 1699; x_wconf 91' lang='lat' dir='ltr'>muu-</span> 
     </span>
     <span class='ocr_line' id='line_1_14' title="bbox 220 1716 1051 1805; baseline 0.005 -24"><span class='ocrx_word' id='word_1_81' title='bbox 220 1743 251 1788; x_wconf 77' lang='lat' dir='ltr'>ta</span> <span class='ocrx_word' id='word_1_82' title='bbox 291 1716 394 1799; x_wconf 84' lang='lat' dir='ltr'>dum,</span> <span class='ocrx_word' id='word_1_83' title='bbox 429 1717 697 1802; x_wconf 88' lang='lat' dir='ltr'>quemadmodum</span> <span class='ocrx_word' id='word_1_84' title='bbox 731 1717 886 1805; x_wconf 86' lang='lat' dir='ltr'>scriptum</span> <span class='ocrx_word' id='word_1_85' title='bbox 918 1728 967 1784; x_wconf 85' lang='lat' dir='ltr'>est</span> <span class='ocrx_word' id='word_1_86' title='bbox 998 1719 1051 1801; x_wconf 90' lang='lat' dir='ltr'>„in</span> 
     </span>
     <span class='ocr_line' id='line_1_15' title="bbox 222 1821 1051 1912; baseline 0.001 -27"><span class='ocrx_word' id='word_1_87' title='bbox 222 1847 253 1892; x_wconf 83' lang='lat'>14</span> <span class='ocrx_word' id='word_1_88' title='bbox 292 1843 426 1886; x_wconf 88' lang='lat' dir='ltr'>omnem</span> <span class='ocrx_word' id='word_1_89' title='bbox 447 1831 566 1887; x_wconf 87' lang='lat' dir='ltr'>terram</span> <span class='ocrx_word' id='word_1_90' title='bbox 588 1821 687 1912; x_wconf 85' lang='lat' dir='ltr'>exivit</span> <span class='ocrx_word' id='word_1_91' title='bbox 708 1843 807 1886; x_wconf 89' lang='lat' dir='ltr'>sonus</span> <span class='ocrx_word' id='word_1_92' title='bbox 830 1845 940 1888; x_wconf 90' lang='lat' dir='ltr'>eorum</span> <span class='ocrx_word' id='word_1_93' title='bbox 963 1831 996 1886; x_wconf 90' lang='lat' dir='ltr'>et</span> <span class='ocrx_word' id='word_1_94' title='bbox 1017 1823 1051 1886; x_wconf 94' lang='lat' dir='ltr'>in</span> 
     </span>
     <span class='ocr_line' id='line_1_16' title="bbox 221 1923 1051 1994; baseline -0.004 0"><span class='ocrx_word' id='word_1_95' title='bbox 221 1949 254 1994; x_wconf 76' lang='lat' dir='ltr'>ts</span> <span class='ocrx_word' id='word_1_96' title='bbox 291 1926 379 1991; x_wconf 87' lang='lat' dir='ltr'>fines</span> <span class='ocrx_word' id='word_1_97' title='bbox 402 1926 489 1991; x_wconf 86' lang='lat' dir='ltr'>orbis</span> <span class='ocrx_word' id='word_1_98' title='bbox 510 1934 614 1990; x_wconf 88' lang='lat' dir='ltr'>terrae</span> <span class='ocrx_word' id='word_1_99' title='bbox 637 1923 736 1989; x_wconf 86' lang='lat' dir='ltr'>verba</span> <span class='ocrx_word' id='word_1_100' title='bbox 751 1930 892 1990; x_wconf 83' lang='lat' dir='ltr'>eorum.“</span> <span class='ocrx_word' id='word_1_101' title='bbox 924 1949 999 1990; x_wconf 89' lang='lat' dir='ltr'>nam</span> <span class='ocrx_word' id='word_1_102' title='bbox 1014 1937 1051 1992; x_wconf 91' lang='lat' dir='ltr'>ut</span> 
     </span>
     <span class='ocr_line' id='line_1_17' title="bbox 223 2015 1051 2115; baseline 0 -21"><span class='ocrx_word' id='word_1_103' title='bbox 223 2055 254 2101; x_wconf 70' lang='grc' dir='ltr'>ια</span> <span class='ocrx_word' id='word_1_104' title='bbox 292 2029 511 2115; x_wconf 85' lang='lat' dir='ltr'>praelibatum</span> <span class='ocrx_word' id='word_1_105' title='bbox 533 2015 592 2110; x_wconf 83' lang='lat' dir='ltr'>est,</span> <span class='ocrx_word' id='word_1_106' title='bbox 616 2025 745 2093; x_wconf 84' lang='lat' dir='ltr'>Christo</span> <span class='ocrx_word' id='word_1_107' title='bbox 768 2052 827 2094; x_wconf 90' lang='lat' dir='ltr'>nos</span> <span class='ocrx_word' id='word_1_108' title='bbox 849 2031 980 2094; x_wconf 84' lang='lat' dir='ltr'>iuvante</span> <span class='ocrx_word' id='word_1_109' title='bbox 1003 2029 1051 2094; x_wconf 91' lang='lat' dir='ltr'>di-</span> 
     </span>
     <span class='ocr_line' id='line_1_18' title="bbox 224 2131 1051 2202; baseline -0.004 0"><span class='ocrx_word' id='word_1_110' title='bbox 224 2157 253 2202; x_wconf 76' lang='lat' dir='ltr'>u</span> <span class='ocrx_word' id='word_1_111' title='bbox 292 2155 392 2198; x_wconf 82' lang='lat' dir='ltr'>versa</span> <span class='ocrx_word' id='word_1_112' title='bbox 414 2133 563 2200; x_wconf 87' lang='lat' dir='ltr'>subtilius</span> <span class='ocrx_word' id='word_1_113' title='bbox 592 2131 635 2196; x_wconf 84' lang='lat' dir='ltr'>ad</span> <span class='ocrx_word' id='word_1_114' title='bbox 663 2132 859 2198; x_wconf 83' lang='lat' dir='ltr'>narrandum</span> <span class='ocrx_word' id='word_1_115' title='bbox 884 2143 961 2199; x_wconf 86' lang='lat' dir='ltr'>tuae</span> <span class='ocrx_word' id='word_1_116' title='bbox 984 2135 1051 2200; x_wconf 90' lang='lat' dir='ltr'>ius-</span> 
     </span>
     <span class='ocr_line' id='line_1_19' title="bbox 224 2236 1050 2325; baseline -0.004 -20"><span class='ocrx_word' id='word_1_117' title='bbox 224 2261 255 2307; x_wconf 75' lang='grc' dir='ltr'>ιε</span> <span class='ocrx_word' id='word_1_118' title='bbox 293 2237 380 2302; x_wconf 88' lang='lat' dir='ltr'>sioni</span> <span class='ocrx_word' id='word_1_119' title='bbox 402 2237 532 2322; x_wconf 84' lang='lat' dir='ltr'>parebo,</span> <span class='ocrx_word' id='word_1_120' title='bbox 555 2237 589 2300; x_wconf 91' lang='lat' dir='ltr'>ni</span> <span class='ocrx_word' id='word_1_121' title='bbox 610 2236 714 2316; x_wconf 82' lang='lat' dir='ltr'>fallor,</span> <span class='ocrx_word' id='word_1_122' title='bbox 737 2237 800 2301; x_wconf 90' lang='lat' dir='ltr'>nisi</span> <span class='ocrx_word' id='word_1_123' title='bbox 814 2238 921 2302; x_wconf 84' lang='lat' dir='ltr'>variae</span> <span class='ocrx_word' id='word_1_124' title='bbox 937 2247 1050 2325; x_wconf 86' lang='lat' dir='ltr'>gentes</span> 
     </span>
     <span class='ocr_line' id='line_1_20' title="bbox 226 2339 1049 2426; baseline 0.001 -20"><span class='ocrx_word' id='word_1_125' title='bbox 226 2363 256 2408; x_wconf 79' lang='lat'>19</span> <span class='ocrx_word' id='word_1_126' title='bbox 294 2363 357 2406; x_wconf 83' lang='lat' dir='ltr'>sua</span> <span class='ocrx_word' id='word_1_127' title='bbox 377 2363 454 2426; x_wconf 90' lang='lat' dir='ltr'>prae</span> <span class='ocrx_word' id='word_1_128' title='bbox 477 2342 576 2406; x_wconf 84' lang='lat' dir='ltr'>nimia</span> <span class='ocrx_word' id='word_1_129' title='bbox 604 2339 755 2425; x_wconf 83' lang='lat' dir='ltr'>superbia</span> <span class='ocrx_word' id='word_1_130' title='bbox 784 2342 1049 2426; x_wconf 79' lang='lat' dir='ltr'>concupiscentes</span> 
     </span>
     <span class='ocr_line' id='line_1_21' title="bbox 225 2441 1049 2530; baseline 0.004 -22"><span class='ocrx_word' id='word_1_131' title='bbox 225 2464 255 2510; x_wconf 77' lang='lat'>2⁰</span> <span class='ocrx_word' id='word_1_132' title='bbox 294 2441 417 2510; x_wconf 83' lang='lat' dir='ltr'>alienas</span> <span class='ocrx_word' id='word_1_133' title='bbox 440 2453 496 2509; x_wconf 86' lang='lat' dir='ltr'>aut</span> <span class='ocrx_word' id='word_1_134' title='bbox 518 2444 664 2509; x_wconf 88' lang='lat' dir='ltr'>meliores</span> <span class='ocrx_word' id='word_1_135' title='bbox 691 2445 812 2530; x_wconf 89' lang='lat' dir='ltr'>patrias</span> <span class='ocrx_word' id='word_1_136' title='bbox 835 2455 891 2510; x_wconf 82' lang='lat' dir='ltr'>aut</span> <span class='ocrx_word' id='word_1_137' title='bbox 912 2447 1049 2511; x_wconf 84' lang='lat' dir='ltr'>fortasse</span> 
     </span>
     <span class='ocr_line' id='line_1_22' title="bbox 225 2547 1051 2636; baseline -0.001 -20"><span class='ocrx_word' id='word_1_138' title='bbox 225 2571 254 2616; x_wconf 66' lang='grc' dir='ltr'>ιι</span> <span class='ocrx_word' id='word_1_139' title='bbox 293 2547 338 2612; x_wconf 85' lang='lat' dir='ltr'>ab</span> <span class='ocrx_word' id='word_1_140' title='bbox 367 2548 438 2613; x_wconf 90' lang='lat' dir='ltr'>aliis</span> <span class='ocrx_word' id='word_1_141' title='bbox 466 2547 650 2613; x_wconf 88' lang='lat' dir='ltr'>nationibus</span> <span class='ocrx_word' id='word_1_142' title='bbox 685 2550 828 2636; x_wconf 88' lang='lat' dir='ltr'>graviter</span> <span class='ocrx_word' id='word_1_143' title='bbox 862 2549 1002 2615; x_wconf 86' lang='lat' dir='ltr'>afflictae</span> <span class='ocrx_word' id='word_1_144' title='bbox 1031 2574 1051 2616; x_wconf 91' lang='lat' dir='ltr'>a</span> 
     </span>
     <span class='ocr_line' id='line_1_23' title="bbox 225 2652 1049 2738; baseline -0.001 -19"><span class='ocrx_word' id='word_1_145' title='bbox 225 2673 255 2721; x_wconf 77' lang='lat' dir='ltr'>aa</span> <span class='ocrx_word' id='word_1_146' title='bbox 292 2653 434 2737; x_wconf 86' lang='lat' dir='ltr'>propriis</span> <span class='ocrx_word' id='word_1_147' title='bbox 455 2652 631 2738; x_wconf 84' lang='lat' dir='ltr'>cespitibus</span> <span class='ocrx_word' id='word_1_148' title='bbox 657 2661 886 2718; x_wconf 84' lang='lat' dir='ltr'>transmetatae</span> <span class='ocrx_word' id='word_1_149' title='bbox 908 2663 985 2718; x_wconf 90' lang='lat' dir='ltr'>sunt</span> <span class='ocrx_word' id='word_1_150' title='bbox 1007 2665 1049 2736; x_wconf 82' lang='lat' dir='ltr'>et,</span> 
     </span>
    </p>

    <p class='ocr_par' dir='ltr' id='par_1_3' title="bbox 297 2809 1049 2870">
     <span class='ocr_line' id='line_1_24' title="bbox 297 2809 1049 2870; baseline 0 -14"><span class='ocrx_word' id='word_1_151' title='bbox 297 2812 310 2856; x_wconf 91' lang='lat'>1</span> <span class='ocrx_word' id='word_1_152' title='bbox 330 2815 389 2868; x_wconf 77' lang='lat' dir='ltr'>port</span> <span class='ocrx_word' id='word_1_153' title='bbox 400 2809 469 2857; x_wconf 86' lang='lat' dir='ltr'>libris</span> <span class='ocrx_word' id='word_1_154' title='bbox 481 2810 569 2857; x_wconf 80' lang='lat' dir='ltr'>Porclt.</span> <span class='ocrx_word' id='word_1_155' title='bbox 582 2809 650 2858; x_wconf 80' lang='lat' dir='ltr'>addit</span> <span class='ocrx_word' id='word_1_156' title='bbox 663 2809 790 2870; x_wconf 82' lang='lat' dir='ltr'>[legimusl,</span> <span class='ocrx_word' id='word_1_157' title='bbox 853 2811 868 2856; x_wconf 78' lang='lat'><strong>2</strong></span> <span class='ocrx_word' id='word_1_158' title='bbox 893 2811 935 2868; x_wconf 83' lang='lat' dir='ltr'>sic]</span> <span class='ocrx_word' id='word_1_159' title='bbox 949 2811 1049 2857; x_wconf 76' lang='lat' dir='ltr'>sicutA.</span> 
     </span>
    </p>

    <p class='ocr_par' dir='ltr' id='par_1_4' title="bbox 296 2879 1050 2944">
     <span class='ocr_line' id='line_1_25' title="bbox 296 2879 1050 2944; baseline 0.003 -16"><span class='ocrx_word' id='word_1_160' title='bbox 296 2882 310 2927; x_wconf 78' lang='grc' dir='ltr'><strong><em>Β</em></strong></span> <span class='ocrx_word' id='word_1_161' title='bbox 329 2879 444 2944; x_wconf 73' lang='lat' dir='ltr'>Romani]</span> <span class='ocrx_word' id='word_1_162' title='bbox 455 2882 581 2939; x_wconf 67' lang='lat' dir='ltr'>„Restant</span> <span class='ocrx_word' id='word_1_163' title='bbox 591 2887 620 2928; x_wconf 84' lang='lat' dir='ltr'>ut</span> <span class='ocrx_word' id='word_1_164' title='bbox 629 2883 663 2928; x_wconf 78' lang='lat' dir='ltr'>ait</span> <span class='ocrx_word' id='word_1_165' title='bbox 672 2882 827 2939; x_wconf 76' lang='lat' dir='ltr'>lamblichus,</span> <span class='ocrx_word' id='word_1_166' title='bbox 840 2883 912 2928; x_wconf 79' lang='lat' dir='ltr'>armis</span> <span class='ocrx_word' id='word_1_167' title='bbox 922 2887 946 2927; x_wconf 89' lang='lat' dir='ltr'>et</span> <span class='ocrx_word' id='word_1_168' title='bbox 955 2881 1050 2941; x_wconf 82' lang='lat' dir='ltr'>legibus</span> 
     </span>
    </p>

    <p class='ocr_par' dir='ltr' id='par_1_5' title="bbox 294 2953 1049 3011">
     <span class='ocr_line' id='line_1_26' title="bbox 294 2953 1049 3011; baseline 0.001 -14"><span class='ocrx_word' id='word_1_169' title='bbox 294 2957 435 2999; x_wconf 78' lang='lat' dir='ltr'>exercentes</span> <span class='ocrx_word' id='word_1_170' title='bbox 449 2966 513 3011; x_wconf 84' lang='lat' dir='ltr'>sese,</span> <span class='ocrx_word' id='word_1_171' title='bbox 530 2953 613 3000; x_wconf 87' lang='lat' dir='ltr'>orbem</span> <span class='ocrx_word' id='word_1_172' title='bbox 629 2958 705 2999; x_wconf 84' lang='lat' dir='ltr'>terrac</span> <span class='ocrx_word' id='word_1_173' title='bbox 721 2967 790 2999; x_wconf 83' lang='lat' dir='ltr'>suum</span> <span class='ocrx_word' id='word_1_174' title='bbox 808 2954 932 2999; x_wconf 85' lang='lat' dir='ltr'>fecerunt“</span> <span class='ocrx_word' id='word_1_175' title='bbox 951 2953 1049 2998; x_wconf 73' lang='lat' dir='ltr'>Jordan.</span> 
     </span>
    </p>

    <p class='ocr_par' dir='ltr' id='par_1_6' title="bbox 294 3022 1050 3082">
     <span class='ocr_line' id='line_1_27' title="bbox 294 3022 1050 3082; baseline 0.003 -14"><span class='ocrx_word' id='word_1_176' title='bbox 294 3022 402 3082; x_wconf 66' lang='lat' dir='ltr'>derepta</span> <span class='ocrx_word' id='word_1_177' title='bbox 420 3037 519 3070; x_wconf 73' lang='lat' dir='ltr'>mesces.</span> <span class='ocrx_word' id='word_1_178' title='bbox 538 3024 563 3069; x_wconf 88' lang='lat'>1.</span> <span class='ocrx_word' id='word_1_179' title='bbox 623 3025 637 3070; x_wconf 89' lang='grc'><strong>7</strong></span> <span class='ocrx_word' id='word_1_180' title='bbox 659 3029 684 3070; x_wconf 86' lang='lat' dir='ltr'>et</span> <span class='ocrx_word' id='word_1_181' title='bbox 700 3029 802 3070; x_wconf 78' lang='lat' dir='ltr'>testatur</span> <span class='ocrx_word' id='word_1_182' title='bbox 820 3025 887 3080; x_wconf 84' lang='lat' dir='ltr'>mihi]</span> <span class='ocrx_word' id='word_1_183' title='bbox 907 3028 1008 3069; x_wconf 82' lang='lat' dir='ltr'>testatur</span> <span class='ocrx_word' id='word_1_184' title='bbox 1026 3029 1050 3070; x_wconf 86' lang='lat' dir='ltr'>et</span> 
     </span>
    </p>

    <p class='ocr_par' dir='ltr' id='par_1_7' title="bbox 292 3093 1049 3153">
     <span class='ocr_line' id='line_1_28' title="bbox 292 3093 1049 3153; baseline 0.003 -15"><span class='ocrx_word' id='word_1_185' title='bbox 292 3093 316 3138; x_wconf 90' lang='lat' dir='ltr'><em>B</em></span> <span class='ocrx_word' id='word_1_186' title='bbox 335 3093 402 3138; x_wconf 72' lang='lat' dir='ltr'>editi.</span> <span class='ocrx_word' id='word_1_187' title='bbox 473 3095 592 3141; x_wconf 81' lang='lat' dir='ltr'>8nnstri</span> <span class='ocrx_word' id='word_1_188' title='bbox 610 3093 691 3140; x_wconf 85' lang='lat' dir='ltr'>om.B</span> <span class='ocrx_word' id='word_1_189' title='bbox 708 3095 773 3140; x_wconf 78' lang='lat' dir='ltr'>editi.</span> <span class='ocrx_word' id='word_1_190' title='bbox 847 3094 1049 3153; x_wconf 79' lang='lat' dir='ltr'>9evangeliuml</span> 
     </span>
    </p>

    <p class='ocr_par' dir='ltr' id='par_1_8' title="bbox 291 3163 1050 3224">
     <span class='ocr_line' id='line_1_29' title="bbox 291 3163 1050 3224; baseline 0.003 -14"><span class='ocrx_word' id='word_1_191' title='bbox 291 3163 351 3210; x_wconf 67' lang='lat' dir='ltr'>Luc.</span> <span class='ocrx_word' id='word_1_192' title='bbox 373 3163 433 3209; x_wconf 84' lang='lat'>21.</span> <span class='ocrx_word' id='word_1_193' title='bbox 515 3166 545 3210; x_wconf 93' lang='lat' dir='ltr'>ll</span> <span class='ocrx_word' id='word_1_194' title='bbox 575 3173 600 3211; x_wconf 84' lang='lat' dir='ltr'>et</span> <span class='ocrx_word' id='word_1_195' title='bbox 617 3179 662 3210; x_wconf 79' lang='lat' dir='ltr'>om.</span> <span class='ocrx_word' id='word_1_196' title='bbox 681 3165 703 3210; x_wconf 88' lang='lat' dir='ltr'><em>B</em></span> <span class='ocrx_word' id='word_1_197' title='bbox 722 3163 787 3210; x_wconf 77' lang='lat' dir='ltr'>editi.</span> <span class='ocrx_word' id='word_1_198' title='bbox 874 3165 905 3210; x_wconf 80' lang='lat'>18</span> <span class='ocrx_word' id='word_1_199' title='bbox 934 3166 1050 3224; x_wconf 83' lang='lat' dir='ltr'>scriptum</span> 
     </span>
    </p>
   </div>
   <div class='ocr_carea' id='block_1_3' title="bbox 292 3233 1050 3364">
    <p class='ocr_par' dir='ltr' id='par_1_9' title="bbox 292 3233 1050 3364">
     <span class='ocr_line' id='line_1_30' title="bbox 292 3233 1050 3294; baseline 0.003 -14"><span class='ocrx_word' id='word_1_200' title='bbox 292 3237 338 3290; x_wconf 76' lang='lat' dir='ltr'>est!</span> <span class='ocrx_word' id='word_1_201' title='bbox 357 3233 448 3280; x_wconf 73' lang='lat' dir='ltr'>Psalm.</span> <span class='ocrx_word' id='word_1_202' title='bbox 465 3235 500 3281; x_wconf 88' lang='lat'>18</span> <span class='ocrx_word' id='word_1_203' title='bbox 517 3237 542 3282; x_wconf 81' lang='lat'>5.</span> <span class='ocrx_word' id='word_1_204' title='bbox 626 3236 656 3281; x_wconf 88' lang='grc'>19</span> <span class='ocrx_word' id='word_1_205' title='bbox 685 3237 750 3294; x_wconf 84' lang='lat' dir='ltr'>prae]</span> <span class='ocrx_word' id='word_1_206' title='bbox 769 3248 812 3294; x_wconf 85' lang='lat' dir='ltr'>pro</span> <span class='ocrx_word' id='word_1_207' title='bbox 831 3234 860 3280; x_wconf 88' lang='lat' dir='ltr'>B.</span> <span class='ocrx_word' id='word_1_208' title='bbox 934 3237 967 3282; x_wconf 75' lang='lat'>22</span> <span class='ocrx_word' id='word_1_209' title='bbox 996 3249 1050 3282; x_wconf 79' lang='lat' dir='ltr'>cae·</span> 
     </span>
     <span class='ocr_line' id='line_1_31' title="bbox 292 3303 789 3364; baseline 0 -14"><span class='ocrx_word' id='word_1_210' title='bbox 292 3305 400 3364; x_wconf 78' lang='lat' dir='ltr'>spitibus</span> <span class='ocrx_word' id='word_1_211' title='bbox 418 3305 483 3352; x_wconf 71' lang='lat' dir='ltr'>adiri.</span> <span class='ocrx_word' id='word_1_212' title='bbox 501 3306 511 3352; x_wconf 87' lang='grc' dir='ltr'>ΙΙ</span> <span class='ocrx_word' id='word_1_213' title='bbox 526 3310 684 3354; x_wconf 63' lang='lat' dir='ltr'>transmeatu</span> <span class='ocrx_word' id='word_1_214' title='bbox 701 3303 789 3351; x_wconf 70' lang='lat' dir='ltr'>Porci.</span> 
     </span>
    </p>
   </div>
   <div class='ocr_carea' id='block_1_4' title="bbox 0 0 1440 4210">
    <p class='ocr_par' dir='ltr' id='par_1_10' title="bbox 0 0 1440 4210">
     <span class='ocr_line' id='line_1_32' title="bbox 0 0 1440 4210; baseline 0 0"><span class='ocrx_word' id='word_1_215' title='bbox 0 0 1440 4210; x_wconf 95' lang='lat' dir='ltr'> </span> 
     </span>
    </p>
   </div>
  </div>
 </body>
</html>
