2562 3996
192 390 274 426 ovmo
295 380 344 424 114
714 427 717 432 ,
963 374 1015 428 541

211 549 223 592 1
260 525 337 588 tatis
361 521 482 588 Christi
504 521 742 608 praedicatione
764 521 926 607 perduxit,
955 521 1017 586 ibi·

208 651 222 695 ‘2
261 625 336 691 dem
350 627 493 692 martirio
510 634 682 690 coronatus
698 625 866 709 quiescens
881 626 1016 690 immen-

210 755 224 800 s
261 731 306 795 sis
347 731 517 794 choruscat
556 727 740 794 virtutibus.
796 729 880 793 hanc
920 729 1016 794 etiam

208 859 224 904 4
262 833 541 919 splendidissimus
563 832 662 895 levita
685 841 717 896 ct
740 842 862 918 martyr
883 831 1015 898 Ybasus

211 964 224 1010 5
262 957 335 1001 cnm
369 939 435 1002 suis
469 937 565 1001 sociis
598 936 754 1017 illustrat,
788 936 843 1020 qui
876 934 1015 1000 Athenis

210 1067 224 1112 6
263 1040 418 1105 oriundus
453 1040 539 1126 apud
572 1041 781 1124 praemissam
810 1039 1016 1124 Apolloniam

210 1173 224 1216 r
260 1145 404 1228 martirio
427 1153 597 1210 coronatus
621 1152 681 1225 est,
703 1141 843 1226 indeque
859 1141 1014 1206 advectus

211 1265 245 1320 ε’
262 1270 336 1313 cum
359 1249 455 1314 sociis
472 1257 503 1312 et
519 1247 639 1312 sanctis
656 1247 834 1332 peregrinis
852 1246 1017 1332 signorum

210 1376 224 1420 9
261 1353 381 1417 virtute
405 1351 444 1416 ab
472 1349 688 1415 invisibilibus
717 1359 814 1434 atque
835 1348 1016 1414 visibilibus

194 1483 225 1526 ιο
261 1455 409 1520 hostibus
432 1455 556 1519 confert
578 1455 744 1519 munitam.

195 1589 224 1632 11
306 1560 339 1622 A
362 1581 459 1644 supra
481 1557 570 1621 dicta
597 1559 697 1644 igitur
719 1557 836 1622 Larisa
858 1579 916 1642 per
938 1557 1017 1622 hora

194 1691 225 1735 12
263 1664 359 1726 maris
389 1684 491 1745 usquc
520 1659 562 1724 ad
590 1660 675 1726 hanc
697 1659 738 1726 ab
761 1661 936 1726 Anastasio
958 1661 1017 1724 im-

195 1793 226 1839 13
262 1774 409 1850 peratore
436 1772 648 1828 restauratam
679 1786 775 1847 quam
804 1785 892 1828 nunc
915 1765 1018 1828 cerni-

195 1897 226 1940 14
262 1892 334 1934 mus
355 1867 557 1955 Dyrachium
580 1867 727 1932 civitates
755 1876 831 1930 sunt
860 1867 1018 1951 quinqua·

195 2001 225 2048 15
263 1974 354 2060 ginta
393 1981 516 2058 septem
556 1978 589 2034 et
626 1978 843 2056 supputantur
882 1971 1018 2034 miliaria

195 2105 226 2150 16
261 2099 415 2163 passuum
437 2076 524 2140 mille
548 2072 729 2139 duodecim.

195 2209 226 2254 17
289 2178 361 2248 114.
407 2179 496 2244 Hinc
519 2201 646 2263 quoque
670 2179 784 2244 civitas
807 2187 856 2242 est

195 2315 226 2359 13
416 2285 559 2349 Pistrum

195 2418 225 2462 19
413 2389 545 2453 Lissum

194 2525 226 2569 20
413 2490 520 2556 Diode

194 2631 224 2674 21
415 2593 538 2660 Codras
622 2600 624 2604 ’

194 2733 226 2778 22
411 2699 602 2764 Buccinium

194 2834 226 2880 23
413 2803 529 2868 Budua

195 2946 227 2990 24
414 2907 608 2972 Decadaron

196 3050 226 3094 25
414 3011 593 3096 Epitanron
615 3009 670 3073 ubi
690 3031 776 3074 nunc
792 3019 841 3073 est
856 3007 1017 3072 Ratisium

299 3236 372 3282 coclea
391 3235 411 3281 b.
594 3249 616 3280 v.
627 3237 658 3280 11
673 3250 708 3294 sq.
727 3232 760 3296 cf.
773 3235 833 3280 Rau.
846 3233 898 3278 379
917 3234 979 3292 laq.

266 3359 297 3402 14
325 3357 501 3416 quinquaginta
518 3359 621 3416 septem}
640 3362 695 3401 suut
710 3357 881 3416 quinquaqinta
898 3370 946 3402 sen.
