2710 4004
339 402 392 454 111

362 574 368 617 1
451 549 573 615 Iterum
606 550 713 613 iuxta·
728 549 804 612 litus
845 548 941 612 maris
975 547 1158 632 provinciae

357 679 371 722 ‘2
408 653 612 740 Septimanae
636 662 711 718 sunt
733 652 866 733 insulae,
897 675 937 716 ex
960 645 1077 735 quibus
1101 651 1159 714 ali·
1243 709 1250 721 ,

357 781 370 824 3
408 768 544 842 quantas
566 757 730 820 nominare
753 755 911 836 volume,
934 755 968 820 id
991 764 1040 819 est

356 885 370 925 4
557 859 774 927 Steronsdeea

356 987 370 1029 5
557 964 707 1028 Terlenia

356 1070 392 1134 θ’
557 1067 705 1131 Veneris.

356 1197 369 1239 7
449 1170 532 1234 Item
561 1171 594 1234 in
622 1173 693 1255 ipso
727 1171 807 1234 mari
836 1167 964 1235 Gallico
987 1168 1157 1234 Valeriaco
1212 1251 1215 1258 Ι

355 1300 369 1344 8
405 1275 496 1338 iuxta
523 1274 600 1340 litus
623 1273 762 1359 Spaniae
793 1283 868 1338 sunt
898 1273 1080 1357 aliquantae
1108 1271 1158 1334 in-

355 1403 368 1446 9
406 1378 505 1458 sulae,
529 1401 569 1442 ex
593 1377 709 1462 quibus
726 1378 906 1460 aliquantas
922 1377 1086 1440 nominare
1100 1397 1157 1438 vo-

338 1505 368 1548 10
405 1481 524 1562 lumus,
546 1479 581 1545 id
604 1491 653 1546 est

337 1611 366 1654 11
554 1583 713 1651 Simnesia

336 1713 367 1758 12
555 1687 703 1754 Valearis
726 1691 827 1755 maior

337 1819 367 1863 11
557 1791 689 1857 Libissa

336 1923 368 1967 14
553 1895 653 1961 Mace

336 2025 365 2069 15
553 1999 700 2066 Valearis
723 2001 827 2064 minor

335 2127 367 2170 le
555 2100 669 2169 Ofiusa

335 2231 364 2273 17
551 2207 684 2272 Aetima

405 2538 416 2582 1
438 2537 506 2582 iuxta
518 2549 563 2582 om.
576 2537 620 2582 AB
633 2538 695 2584 editi.
747 2541 760 2585 2
781 2539 943 2599 Septimaniae
962 2537 1025 2585 editi.
1076 2539 1090 2584 3
1109 2552 1153 2584 no-

402 2609 504 2664 minare]
524 2609 648 2667 designare
666 2609 694 2655 A.
755 2612 770 2656 4
799 2610 969 2666 Steronsdeeal
989 2624 1020 2655 an
1038 2607 1153 2655 Stoecha-

402 2677 461 2724 des?
534 2681 547 2725 6
572 2685 630 2737 post
651 2680 751 2728 Veneris
776 2680 794 2728 C
815 2681 871 2727 add.
894 2683 923 2727 de
946 2681 1030 2726 insulis
1052 2680 1076 2724 111
1099 2680 1151 2738 ipso

401 2751 459 2796 mari
491 2749 579 2810 gallico
611 2749 731 2797 valeriaco
763 2753 833 2798 iuxta
862 2752 920 2798 litus
948 2752 1031 2810 spanie
1057 2751 1150 2810 positis.

402 2822 415 2865 7
444 2835 508 2867 mare
527 2821 550 2866 Β
569 2821 632 2867 editi.
688 2823 701 2868 8
731 2823 801 2868 iuxta
819 2837 863 2868 om.
882 2823 926 2868 AB
945 2823 1009 2868 editi.
1064 2823 1078 2867 9
1107 2821 1150 2866 ali·

400 2898 502 2949 quantas
515 2905 558 2937 om.
572 2891 615 2938 BC
625 2893 689 2939 editi.
742 2894 771 2938 11
793 2895 903 2939 sunnesia
915 2895 938 2938 B
950 2894 1013 2951 editi,
1028 2893 1152 2938 simnersia

399 2966 474 3023 (⁶⁰rr·
494 2963 617 3017 Simnssfliai
646 2963 673 3021 0,
698 2965 848 3029 Γυμνησίαι
865 2965 944 3028 νῆσοι
961 2964 1050 3010 Strabo
1074 2961 1151 3019 Ptol.‚·

398 3034 505 3081 Baliares
518 3033 602 3080 Graeci
617 3035 760 3094 Gymnesiae
777 3036 858 3081 dixere
877 3035 940 3081 Plin.
998 3037 1027 3080 13
1051 3033 1152 3080 laibissa

399 3103 442 3151 BG
458 3107 522 3163 edici,
540 3119 601 3151 nunc
619 3105 707 3168 lvieai,
728 3121 867 3166 quamquam
879 3121 932 3152 mox
943 3107 1048 3152 recurrit
1058 3105 1149 3150 Ebusa.

400 3179 432 3222 14
460 3178 532 3237 Mago
551 3176 614 3222 Plin.
637 3177 715 3235 Mela,·
741 3193 803 3223 nunc
826 3177 928 3234 Mahon,
955 3177 1013 3222 urbs
1036 3175 1149 3222 Balearis

397 3250 502 3294 minoris.
559 3250 589 3294 16
609 3248 704 3306 Ofiusa]
725 3247 878 3296 Colubraria:
899 3247 984 3294 Graeci
1003 3248 1148 3306 Ophiussam

398 3320 479 3364 dixere
498 3318 561 3365 Ptin.
618 3321 649 3364 17
677 3321 768 3366 accima
786 3320 833 3378 Ao,
852 3320 947 3366 Actimo
966 3319 1030 3364 editi.
