2872 4210
378 563 410 616 ld
1143 573 1190 620 Io

395 736 406 779 1
445 710 530 793 quia,
552 720 588 774 ut
608 710 751 796 plerique
765 712 948 798 philosophi
968 713 1190 800 decrevenmt,

393 837 407 882 a
444 813 523 878 nulli
549 814 669 880 bomini
693 816 884 900 permissum
920 827 970 882 est
998 829 1073 904 post
1099 830 1192 908 terga

392 940 406 985 a
443 915 564 999 Indiae,
580 940 661 1001 quae
672 917 790 984 dicitur
800 917 1191 1002 DimiriceEvila,Ocea·

391 1043 408 1086 4
443 1044 520 1086 num
530 1023 683 1108 reperire3
699 1021 786 1107 quod
801 1031 833 1086 et
849 1023 1019 1105 credimus,
1036 1025 1112 1107 quia
1122 1047 1200 1104 cer-¹

392 1143 406 1190 1
442 1124 565 1190 tissime
592 1127 638 1214 ita
663 1127 781 1191 veritas
809 1148 879 1192 esse
913 1126 1084 1212 probatur:
1116 1151 1191 1194 nam

391 1249 405 1293 s
443 1227 526 1292 sicut
548 1230 779 1314 praemisimus,
802 1230 829 1295 si
852 1231 967 1316 aliquis
983 1228 1103 1294 eisdem
1120 1252 1191 1296 cos-

392 1355 405 1398 r
442 1333 625 1418 mograpbis
652 1333 754 1420 magis
782 1356 878 1417 quam
906 1341 1036 1398 nostrae
1063 1335 1190 1418 exposi-

390 1457 405 1502 s
441 1435 521 1500 tioni
544 1436 730 1519 crediderit,
759 1437 847 1521 quod
874 1445 984 1502 tantus
1007 1433 1125 1502 Oriens
1148 1438 1189 1503 ab

391 1561 404 1605 a
441 1537 622 1605 hominibus
646 1538 778 1606 Oceano
808 1541 1040 1624 circumseptus
1065 1563 1191 1624 peram-

374 1662 404 1707 10
441 1642 569 1708 buletur
584 1653 616 1708 et
627 1643 814 1708 nominatim
825 1641 1039 1708 describatur:
1056 1643 1098 1708 ad
1109 1666 1189 1729 quos

374 1767 403 1810 11
442 1747 589 1829 dicimus,
618 1770 695 1833 ergo
717 1745 773 1811 ubi
795 1755 845 1810 est
866 1747 920 1810 ille
942 1747 1190 1814 immortalitatis

374 1872 404 1916 12
442 1852 648 1916 suavissimus
664 1848 843 1934 paradisus,
866 1850 968 1932 quiin
985 1860 1097 1916 sancta
1111 1853 1191 1918 scri·

374 1977 404 2021 13
440 1965 536 2041 ptura
562 1952 604 2018 ad
627 1951 793 2018 Orientem
819 1975 889 2017 esse
919 1953 1127 2038 describitur,
1155 1957 1190 2022 in

373 2077 405 2122 14
442 2082 504 2144 quo
527 2067 637 2122 noster
657 2055 875 2141 protoplastus
897 2057 937 2122 ab
954 2081 1058 2144 angue
1074 2081 1189 2126 suasus

372 2181 404 2228 15
440 2162 580 2248 pessimo
602 2160 733 2224 factoris
760 2159 882 2224 iussum
908 2184 1062 2247 spernens
1084 2163 1191 2228 renuit

373 2288 403 2332 16
440 2267 540 2330 vitam
557 2264 694 2347 exulque
709 2262 842 2328 effectus
857 2287 970 2330 necem
984 2266 1102 2330 meruit
1116 2288 1191 2350 pro·

373 2393 403 2436 11
440 2370 511 2454 prio
534 2365 688 2432 arbitrio?

372 2497 404 2542 13
486 2468 724 2552 Quamobrem
741 2492 800 2534 nos
819 2469 977 2536 credimus
996 2470 1083 2554 quod
1099 2480 1189 2538 trans

373 2603 403 2647 19
440 2574 595 2640 Indorum
621 2573 811 2638 Dimiricam
832 2574 942 2640 Evilat
971 2576 1109 2659 patriam
1141 2576 1190 2642 in·

371 2705 403 2751 20
440 2677 699 2743 transmeabilem
732 2677 773 2743 ab
807 2679 973 2744 hominum
1005 2679 1120 2746 itinere
1148 2679 1190 2746 ad

371 2808 402 2854 21
440 2783 625 2848 orientalem
657 2782 786 2870 plagam
818 2784 887 2870 ipse
920 2782 1089 2871 paradisus
1118 2806 1189 2849 esse

440 2971 455 3016 3
482 2969 602 3016 Damirice
620 2975 643 3015 et
660 2967 743 3030 scytia
759 2970 882 3031 Dymirice
904 2972 968 3031 rat,
992 2968 1124 3040 Λιμυρική
1142 2971 1190 3016 Ar·
1263 3026 1264 3030 Ἰ

437 3043 501 3086 rica
520 3041 530 3086 ΙΙ
549 3040 612 3090 einla
624 3041 654 3098 B,
672 3040 772 3087 Evilath
785 3041 851 3101 editi,
870 3043 986 3090 Hevilath
1003 3043 1099 3089 Gmear's
1110 3042 1127 3086 2
1146 3041 1189 3084 11.

439 3113 560 3170 tprcbat
578 3112 641 3158 editi.
694 3113 709 3158 8
737 3113 810 3171 quod]
824 3116 934 3172 qquB.
953 3115 964 3162 ΙΙ
982 3119 1077 3162 tantum
1088 3112 1117 3166 A,
1136 3115 1190 3156 tsn-

437 3184 528 3241 111113,
547 3189 625 3230 toturn
643 3182 708 3228 editi.
725 3182 736 3229 ll
755 3184 870 3232 orientem
887 3186 937 3232 AB.
1002 3185 1017 3229 9
1045 3183 1190 3236 circumsep-

438 3259 488 3300 tam
497 3255 525 3311 B,
536 3249 726 3312 eummsopum
732 3255 762 3312 A,
772 3255 955 3314 circumseptum
962 3254 1029 3300 editi.
1068 3251 1099 3296 11
1117 3250 1190 3294 imor-

437 3323 539 3372 talitatis
551 3326 581 3371 B.
629 3326 661 3370 11
687 3324 867 3384 protoplaustus
883 3326 913 3370 Α.
963 3323 994 3370 11
1022 3321 1140 3381 pessimus
1157 3319 1188 3378 Β,

436 3397 538 3456 pessima
562 3395 625 3442 editi.
717 3397 748 3440 18
775 3395 975 3441 trans-Indorum
995 3393 1064 3447 edita
1089 3388 1123 3451 cf.
1141 3390 1156 3436 Ι
1173 3392 1189 3438 8

437 3481 539 3514 aramum
559 3479 620 3525 quae
637 3470 674 3511 est
690 3469 756 3510 1111111
773 3469 849 3510 totam
867 3463 969 3512 Indiam,
1037 3463 1068 3508 19
1098 3461 1189 3508 dimiri-

437 3552 491 3584 cum
500 3539 523 3584 B
532 3538 596 3584 editi.
608 3536 618 3582 ΙΙ
635 3534 709 3581 elulat
716 3535 747 3580 B.
759 3533 770 3580 ΙΙ
784 3535 863 3594 patria
871 3536 900 3581 A.
937 3536 969 3582 21
988 3530 1147 3582 horientalem
1158 3533 1188 3578 Β.
