2562 3996
272 383 324 436 502
964 393 1047 433 enno
1067 383 1099 430 67

294 554 307 598 1
346 530 511 615 provincia
533 529 754 611 Flaminia,
786 551 868 613 quae
897 537 929 592 et
958 528 1029 613 ipsa
1058 528 1101 592 si-

294 655 308 700 1
346 634 464 698 militer
496 657 515 698 a
551 642 736 698 constructa
762 632 815 696 via
849 655 907 717 per
937 631 1101 696 consulem

293 759 308 804 a
345 737 540 802 Flaminium
573 737 638 800 tale
667 759 784 801 nomen
813 736 928 800 sortita
957 744 1016 800 est.
1067 735 1101 800 in

292 863 308 906 4
346 840 408 904 hac
431 841 518 905 circa
539 841 764 924 potentissima
786 846 819 902 et
841 839 1026 903 authentica
1048 862 1101 902 ur-

293 963 307 1010 1
345 943 435 1008 bium
457 944 520 1010 sita
542 944 690 1008 consistit
712 942 879 1024 Ravenna,
909 943 943 1006 in
966 965 1030 1028 qua
1051 966 1101 1008 re-

293 1067 319 1110 1-
346 1048 514 1130 quiescens
537 1047 666 1132 praesul
686 1055 719 1112 et
733 1055 856 1132 martyr
870 1047 1078 1132 Apollinaris.

293 1172 307 1216 7
391 1148 515 1232 Quinta
550 1151 786 1236 provinciarum
820 1149 934 1215 Italiae
963 1151 1102 1215 Anno·

294 1275 308 1320 a
346 1255 436 1318 nica
457 1253 772 1339 Pentapolensis
797 1263 856 1336 est,
884 1277 1101 1340 superquam

294 1380 308 1424 1
347 1357 437 1443 regio
474 1366 523 1422 est
557 1379 639 1441 quae
668 1359 915 1424 castellanorum
942 1359 1103 1444 appellata

277 1487 308 1532 10
346 1470 396 1527 est
418 1459 465 1530 ab¹
482 1462 639 1547 antiquis„

244 1619 246 1622 -
277 1590 307 1634 11
390 1562 491 1632 Sexta
524 1589 543 1630 a
578 1567 674 1632 maris
711 1567 785 1632 sinu
817 1565 979 1632 Adriatici
1011 1565 1103 1630 iuxta

277 1693 309 1738 12
347 1667 546 1753 praedictam
573 1669 778 1755 Pentapolim
805 1669 971 1755 provincia
992 1669 1102 1734 Pici·

277 1796 308 1840 11
347 1796 436 1836 num
458 1771 638 1859 Spoletii
659 1771 898 1840 Sauciensis
921 1781 981 1838 est.

277 1899 309 1946 14
390 1873 536 1961 Septima
556 1877 724 1963 provincia
745 1876 973 1942 Dardensis
997 1885 1056 1942 est.

277 2002 308 2047 11
380 1977 433 2046 67.
486 1978 613 2046 Octava
644 1981 850 2046 coniunctam
882 1979 1006 2046 habens
1040 1979 1103 2046 sibi

277 2107 308 2152 ra
345 2082 505 2170 lapigium
523 2085 675 2170 asupiori
684 2083 720 2148 id
731 2092 781 2148 est
790 2083 984 2150 occidentali
994 2084 1102 2170 plaga,

277 2213 307 2258 11
347 2197 379 2252 et
402 2211 421 2252 a
443 2188 600 2272 superiori
627 2187 663 2252 id
691 2197 741 2254 est
769 2187 916 2252 orientali
937 2187 1102 2274 regionem

277 2315 308 2360 18
347 2288 562 2373 Solentinam,
597 2313 679 2375 quae
714 2301 747 2358 et
774 2291 893 2358 Locria
924 2292 1101 2375 antiquitus

277 2417 308 2462 11
347 2394 435 2460 dicta
457 2403 517 2476 est,
545 2396 712 2480 provincia
733 2395 888 2481 Apulia
910 2404 978 2478 est,
1006 2417 1102 2478 quam

275 2520 308 2566 10
346 2499 401 2564 1111
431 2497 472 2563 ob
502 2499 634 2564 nimiam
662 2499 861 2564 fertilitatem
884 2499 1026 2564 omnium
1048 2520 1102 2562 eo·

381 2803 473 2848 codices
492 2799 523 2862 bf
538 2807 561 2847 et
577 2802 642 2848 Maz.
795 2801 828 2862 cs.
841 2803 900 2848 Rau.
914 2802 964 2846 247
985 2802 1066 2860 1419.

347 2945 366 2988 l·
389 2943 520 2988 flamminia
533 2941 559 3002 f.
632 2943 648 2986 4
676 2942 799 2988 autentica
816 2939 843 3000 f,
875 2942 1011 2988 auctentica
1037 2942 1100 2986 Maz.

346 3015 360 3060 6
389 3015 473 3061 martir
493 3011 519 3074 f.
562 3013 572 3058 ΙΙ
609 3011 766 3071 appollinaris
792 3013 857 3058 Μαι.
937 3015 950 3058 7
979 3011 1054 3072 ytalie
1075 3010 1101 3071 f,

344 3085 426 3132 italiae
445 3091 469 3130 et
487 3085 551 3130 11101.
579 3083 589 3129 11
614 3083 735 3128 Armorica
754 3083 767 3128 b
786 3084 850 3128 Mat.
901 3084 931 3128 11
957 3089 1014 3140 post
1032 3083 1103 3128 iuxta

344 3155 454 3201 dimidius
469 3169 550 3200 versus
562 3168 649 3200 vacuus
662 3156 686 3198 ia
699 3153 721 3199 b.
773 3155 803 3200 12
824 3154 998 3212 praescriptam
1011 3153 1024 3198 b
1037 3154 1102 3198 Mar.

346 3227 377 3272 13
406 3226 507 3284 spolecii
531 3225 660 3272 sonciensis
686 3224 751 3270 Max.
833 3225 865 3270 16
893 3224 1011 3282 rapigiam
1038 3225 1101 3269 11111.

344 3296 354 3341 ll
370 3298 473 3354 supioril
507 3296 624 3354 superiori
651 3295 716 3340 Mar.
802 3295 832 3340 la
866 3294 1010 3342 salentinarn
1037 3295 1101 3340 Μαι.

347 3367 379 3412 20
408 3368 473 3412 omni
492 3367 555 3412 Μαι.
