2580 4028
189 433 223 480 IV
241 433 257 478 4
955 431 1007 484 175

209 601 221 644 1
258 588 333 664 ptus
348 577 548 644 Pentesileus
572 587 603 642 et
617 577 801 662 Marpesius
816 587 913 661 atque
928 579 1006 644 Pto-

207 703 221 747 a
258 681 400 746 lomaeus
428 705 486 746 rex
512 681 748 768 Aegyptiorum
777 680 1006 764 Macedonum,

207 808 221 852 a
258 785 450 870 philosophi.

207 909 222 954 4
303 888 385 952 Item
413 889 504 952 iurita
526 887 694 954 Oceanum
723 899 771 955 est
798 889 902 975 patria
924 912 1006 972 quae

208 1010 221 1057 5
260 991 378 1056 dicitur
399 990 650 1075 Roxolanorum,
679 992 858 1074 Suaricum,
888 989 1006 1058 Sauro-

208 1115 221 1160 e
259 1104 390 1159 matum.
435 1118 493 1180 per
516 1117 612 1179 quam
634 1098 770 1182 patriam
792 1097 875 1160 inter
899 1105 1006 1161 cetera

208 1219 221 1262 7
259 1208 426 1264 transeunt
448 1199 580 1264 flumina
601 1223 682 1285 quae
706 1200 867 1282 dicuntur,
889 1200 1005 1265 fluvius

208 1322 222 1368 8
260 1303 417 1368 maximus
440 1303 496 1387 qui
519 1302 637 1368 dicitur
652 1303 792 1386 Vistula,
815 1305 890 1388 quia
911 1304 1005 1368 nimis

209 1427 222 1470 a
260 1405 402 1472 undosus
431 1407 465 1470 in
488 1403 620 1473 Oceano
649 1409 809 1495 vergitur,
837 1417 869 1472 et
891 1407 1007 1472 fluvius
1107 1463 1109 1467 .

192 1528 223 1573 10
261 1510 316 1593 qui
330 1511 512 1575 nominatur
522 1510 633 1576 Lutta.
668 1511 708 1576 de
721 1533 784 1595 qua
797 1513 902 1596 patria
917 1535 1008 1577 enar-

192 1631 222 1698 1,1
260 1613 343 1676 ravit
371 1636 468 1698 supra
495 1615 633 1698 scriptus
655 1615 860 1703 Ptolomaeus
888 1638 945 1680 rex
976 1625 1008 1680 et

192 1737 223 1782 12
260 1717 480 1802 philosophus.
534 1719 624 1783 cuius
657 1719 779 1804 patriae
809 1727 884 1802 post
906 1728 1009 1806 terga

193 1840 223 1885 1a
260 1817 517 1886 infraOceanum
530 1844 627 1906 supra
638 1822 758 1907 scripta
768 1822 873 1886 insula
884 1820 1009 1888 Scanza

136 1921 137 1925 ¹
193 1945 225 1989 11
260 1925 431 1988 invenitur.

193 2047 223 2092 15
291 2027 323 2096 5.
367 2028 451 2092 Item
474 2027 516 2092 ad
537 2029 675 2092 frontem
697 2027 937 2092 Roxolanorum
959 2051 1010 2092 re·

193 2150 224 2194 16
261 2133 366 2219 gionis
382 2141 458 2197 sunt
472 2132 605 2216 patriae,
625 2130 661 2195 id
676 2140 725 2195 est
739 2128 1008 2218 Sithotrogorum,

266 2356 277 2398 1
306 2353 468 2412 penthesileus
486 2355 513 2411 A,
542 2353 704 2412 penthesilaus
722 2351 752 2398 B.
791 2352 801 2397 ll
838 2357 878 2409 et]¹
897 2354 1007 2400 accoliti.

262 2425 272 2470 ll
284 2427 417 2483 marposius
438 2424 461 2470 C.
489 2425 498 2469 ll
523 2423 675 2482 ptholomeus
695 2421 718 2479 0,
738 2422 873 2481 ptolomeus
886 2425 929 2470 AB
943 2425 1007 2472 editi.

264 2496 278 2540 2
307 2495 457 2555 egyptiorum
479 2497 508 2552 A,
535 2497 677 2554 egyptormn
699 2495 729 2550 Β,
757 2493 922 2553 Aegyptorum
944 2496 1008 2542 editi.

264 2567 278 2612 3
302 2571 359 2624 post
380 2565 518 2624 philosophi
541 2565 563 2610 B
581 2565 636 2610 add.
654 2565 725 2620 XIII,
756 2563 775 2610 0
792 2565 859 2610 addit
882 2567 911 2612 de
929 2567 1008 2624 patria

261 2635 431 2682 roxolanorum
443 2637 561 2682 suarieum
572 2641 734 2682 sauromatum
746 2636 810 2693 apud
821 2635 876 2694 nnj.
926 2637 939 2682 5
960 2637 1008 2682 Ro-

261 2705 346 2752 xulani
377 2706 432 2752 ms.
463 2707 472 2752 ll
505 2705 643 2763 Suaricum]
672 2706 770 2753 Saurica
788 2712 811 2751 et
828 2705 921 2752 Sorioea
952 2707 1007 2754 Ταῦ.

261 2777 271 2822 ll
285 2775 464 2834 Sauromatum]
478 2776 585 2824 Sarmata
602 2777 656 2822 Toh.
694 2779 708 2822 7
728 2777 810 2822 dicunt
822 2777 852 2821 B.
894 2779 907 2823 7
929 2778 943 2822 8
963 2777 1007 2822 flu-

261 2848 327 2893 vium
345 2849 477 2894 maximum
497 2847 521 2894 0.
590 2850 604 2894 8
632 2847 721 2894 iustula
738 2845 787 2893 Bc.
814 2847 824 2892 ll
850 2848 906 2905 quia
923 2848 1007 2904 nimis]

262 2917 372 2976 qrufim‘r
402 2917 425 2965 0.
499 2920 513 2964 9
545 2919 582 2975 in}
610 2925 634 2964 et
660 2919 684 2963 in
712 2916 736 2964 0.
764 2917 774 2964 ll
803 2919 918 2976 mergitur
944 2919 1007 2964 editi.

264 2989 295 3034 10
323 2988 385 3034 Iutta
404 2989 479 3048 (corr.
497 2989 571 3048 lurta)
592 2987 616 3035 0.
673 2989 702 3034 11
723 2987 875 3046 ptholomeus
888 2986 933 3044 ΑΟ,
954 2995 1008 3047 pto-

253 3058 353 3104 lomeus
371 3060 393 3104 B
410 3059 497 3106 Porah.
518 3059 590 3105 Gran.
604 3061 628 3117 1,
647 3059 782 3105 Ptolomeus
802 3057 874 3104 Gran.
886 3059 909 3105 2.
934 3057 944 3104 ll
963 3073 1007 3104 rex

262 3136 316 3174 aute
325 3129 478 3176 Ptolomaeus
485 3136 578 3188 ponuat
589 3131 654 3176 adiu.
704 3130 734 3174 13
755 3127 854 3185 Scsuza]
868 3128 901 3190 cf.
913 3129 946 3174 29
965 3131 1007 3176 11.

263 3201 295 3245 14
319 3207 375 3258 post
393 3202 513 3247 invenitur
529 3202 552 3246 B
570 3201 625 3246 cdd.
643 3200 721 3256 XIIII,
753 3197 855 3244 caudit
878 3201 906 3246 de
930 3202 1008 3260 patrIa

261 3272 454 3330 sythotrogomm
473 3273 552 3330 campi
570 3277 615 3317 ete.
672 3271 701 3316 15
729 3268 872 3316 roxolanum
890 3272 940 3326 AB,
969 3287 1007 3318 ro-

260 3339 336 3387 xolafi
346 3340 369 3390 C.
426 3344 456 3388 16
482 3344 561 3401 patria
579 3341 652 3388 eron.
666 3341 689 3398 2,
709 3354 753 3386 om.
774 3339 798 3386 O.
825 3340 835 3386 ΙΙ
862 3340 1002 3401 Scythotro-

260 3425 344 3470 garum
362 3411 426 3458 aditi.
