2872 4210
381 553 415 608 ts
903 531 905 542 ’
1149 559 1194 606 1s

399 726 410 770 ι
448 700 576 766 fluvius.
615 724 674 766 nos
697 703 814 787 quippe
837 700 973 769 dicimus
988 701 1077 786 quod
1090 705 1196 768 omnia

397 829 413 876 a
448 803 580 868 flumina
603 827 644 870 ex
668 815 754 870 terra
776 805 810 870 in
832 828 919 870 mare
947 824 1006 870 sua
1027 805 1196 870 effimdunt

396 933 411 980 a
448 907 582 974 fluenta:
605 931 679 974 nam
701 907 789 974 nullo
812 906 908 972 modo
931 907 971 972 de
990 909 1070 974 mari
1084 909 1119 974 in
1132 919 1196 995 ter-

395 1037 412 1082 4
448 1035 517 1078 ram
540 1013 580 1079 ab
603 1013 750 1078 humanis
773 1009 939 1076 obtutibus
960 1010 1134 1096 procedere
1148 1013 1195 1076 ri·
1268 1091 1273 1096 ἱ

396 1137 411 1183 s
449 1115 580 1198 dentur,
614 1124 749 1200 excepto
783 1114 989 1178 reumatioam
1022 1137 1194 1180 accessam.

397 1241 411 1286 s
449 1219 537 1304 quod
558 1218 706 1285 omnibus
732 1216 839 1302 palam
868 1226 926 1282 est.
971 1218 1029 1282 sed
1056 1220 1120 1284 illis
1146 1241 1195 1284 re-

397 1344 410 1388 7
448 1321 617 1406 sponditur
631 1318 790 1405 quomodo
804 1320 940 1406 legimus
951 1320 992 1386 de
1009 1323 1097 1388 fonte
1114 1323 1196 1386 Are-

396 1447 412 1492 a
447 1425 554 1490 thusa.
598 1423 678 1488 illud
692 1447 768 1487 vero
784 1423 871 1507 quod
884 1425 918 1488 in
932 1446 1025 1490 sacra
1037 1426 1197 1512 scriptura

396 1551 410 1594 a
448 1529 604 1593 insertum
627 1537 676 1592 est
698 1537 731 1591 et
746 1528 814 1592 eius
829 1528 955 1610 similia,
977 1527 1065 1612 quod
1079 1552 1119 1593 ex
1133 1529 1195 1594 alio

379 1653 411 1698 ιο
447 1633 536 1697 fonte
564 1631 605 1696 de
633 1631 696 1696 alia
722 1630 827 1696 insula
858 1655 946 1696 mare
971 1655 1030 1718 per
1055 1631 1196 1698 medium

380 1757 410 1800 11
448 1759 533 1820 aqua
548 1757 677 1800 cursum
693 1734 759 1816 dat,
781 1733 990 1817 quodmultis
1004 1734 1108 1800 modis
1122 1758 1196 1821 pro-

379 1861 411 1907 12
448 1839 560 1904 batum
583 1849 647 1921 est,
676 1850 709 1904 et
736 1839 812 1922 quia
838 1839 925 1902 omni
951 1838 1047 1904 modo
1069 1838 1132 1903 hoo
1153 1837 1194 1903 ab

379 1964 411 2010 ra
448 1945 659 2030 omnipotenti
691 1951 800 2029 potest
831 1941 902 2006 fieri
933 1941 1076 2024 domino,
1109 1940 1196 2026 quod

379 2071 412 2118 14
450 2049 559 2112 omnia
580 2047 713 2112 flumina
734 2047 855 2110 intrant
880 2047 914 2112 iu
940 2069 1028 2112 mare
1055 2055 1087 2112 et
1108 2068 1195 2110 mare

378 2174 409 2221 rs
446 2175 512 2216 non
534 2151 704 2232 redundat,
727 2151 761 2215 iu
782 2149 889 2214 locum
903 2148 989 2214 uude
1004 2159 1122 2214 exeunt
1136 2148 1195 2214 flu·

378 2278 410 2323 rs
448 2256 537 2322 mina
557 2263 762 2320 revertuntur
789 2261 825 2316 ut
852 2253 968 2318 iterum
994 2251 1110 2334 fluant,
1136 2276 1194 2339 pro

378 2381 410 2426 1⁷
448 2368 536 2422 certo
559 2382 670 2422 verum
685 2347 749 2421 esi':
773 2355 831 2421 sed
852 2357 940 2422 nullo
962 2353 1057 2420 modo
1080 2353 1122 2419 ab
1135 2354 1195 2420 hu-

378 2483 411 2529 18
447 2461 550 2526 manis
572 2459 701 2524 videtur
722 2459 897 2525 obtutibus.
1122 2465 1125 2471 ’

378 2587 409 2632 19
481 2563 513 2630 7.
557 2563 602 2628 Et
617 2564 645 2628 si
659 2565 774 2649 aliquis
791 2565 976 2652 ignoranter
991 2561 1108 2628 dixerit
1122 2562 1196 2647 quia

377 2689 410 2735 no
447 2667 503 2730 ille
524 2667 620 2731 homo
642 2668 792 2752 forsitan,
823 2668 878 2751 qui
899 2690 1000 2753 usque
1028 2669 1063 2732 in
1091 2677 1196 2732 extre·

376 2795 409 2842 21
446 2793 535 2836 mum
551 2767 693 2836 Orientis
710 2769 877 2837 Oceanum
898 2771 1085 2855 ambulavit,
1105 2771 1195 2836 illum

376 2899 409 2944 aa
445 2873 680 2941 nobilissimum
707 2877 830 2942 invenit
854 2875 1037 2961 paradisum
1065 2876 1194 2960 suisque

376 2999 409 3046 aa
445 2978 583 3065 pedibus
611 2979 860 3066 perambulavit,
893 2979 951 3044 sed
980 2981 1116 3044 fortasse
1142 2978 1194 3043 dei

446 3175 461 3218 1
489 3179 547 3218 onte
562 3173 650 3220 fluvius
668 3171 771 3217 laeana?
833 3172 848 3216 3
876 3172 905 3216 da
922 3172 995 3226 mari}
1014 3172 1090 3218 maria
1107 3169 1193 3216 Paret.

446 3245 461 3289 6
490 3244 555 3302 quod
605 3275 612 3288 .
622 3241 774 3301 responditur
782 3253 826 3286 om.
832 3241 919 3286 Por-et.
936 3241 946 3286 ΙΙ
965 3241 1122 3300 respondetur
1130 3239 1194 3285 editi.

445 3316 461 3360 ’1
490 3315 620 3372 quomodo}
639 3312 705 3370 quod
721 3310 786 3361 aditi.
804 3311 815 3356 ΙΙ
837 3311 933 3356 arathus
944 3313 973 3356 A.
1020 3312 1051 3356 10
1075 3310 1193 3356 sontes.

447 3385 476 3430 11
503 3387 606 3439 cursum]
625 3380 779 3428 erucemAB.
829 3380 1193 3437 14—1somnia....fluant1

444 3453 630 3501 Ecetsrimtael
653 3453 677 3498 7.
723 3451 754 3496 18
779 3450 903 3509 optutibus
914 3451 945 3497 B.
992 3453 1023 3498 19
1048 3451 1137 3498 dixerit
1148 3465 1192 3498 ona.

444 3523 533 3570 Paret.
588 3524 621 3568 20
649 3521 690 3580 qni
708 3523 790 3580 usque}
809 3520 923 3580 cuiusque
939 3524 968 3570 A.
1024 3523 1056 3570 28
1075 3527 1112 3570 sat
1129 3523 1158 3568 A.
