2790 4196
336 363 389 420 146

355 537 369 584 1

355 640 370 686 2

355 745 369 790 8

354 845 370 892 4

356 949 369 996 5

356 1056 370 1100 6

356 1159 370 1204 7

356 1260 370 1304 8

356 1365 370 1415 9

340 1467 370 1512 10

341 1573 370 1616 11

340 1676 371 1720 12

341 1781 371 1826 18

341 1885 372 1930 14

341 1987 371 2032 15

340 2095 371 2140 16

341 2197 371 2242 17

341 2301 372 2345 18

342 2405 372 2450 19

555 509 674 578 Unuca

557 613 690 688 Siciliba

557 719 654 805 Tyris

552 819 713 900 ν0111111110

557 925 765 992 Membrisca.

450 1030 634 1094 Transeunt
655 1038 762 1094 autem
776 1051 835 1114 per
849 1028 952 1113 ipsam
968 1026 1156 1092 Africanam

405 1134 604 1220 provinciam
625 1133 709 1197 iuter
732 1142 838 1197 cetera
859 1129 990 1194 flumina
1012 1153 1093 1214 quae
1109 1129 1156 1194 di-

408 1248 535 1321 cuntur,
557 1235 593 1302 id
615 1245 665 1302 est

559 1337 658 1426 Oepsi

558 1444 607 1508 Te

558 1548 698 1612 Torrens
721 1557 754 1612 et

559 1651 755 1717 Panarezon.

442 1752 473 1822 t.
517 1755 601 1820 Item
622 1757 714 1820 iuxta
734 1777 822 1820 mare
844 1775 997 1841 maguum
1012 1754 1157 1838 proxima

409 1858 552 1924 eiusdem
580 1861 755 1924 Africanae
784 1859 924 1946 regionis
953 1857 1073 1922 reiacet
1100 1879 1158 1942 pa-

407 1963 470 2028 tria
482 1986 563 2047 quae
574 1963 693 2028 dicitur
702 1961 1039 2026 NumidiaBizacium.
1062 1983 1157 2044 quam

408 2067 598 2132 Numidiam
612 2066 710 2132 iidem
723 2063 906 2152 philosophi
920 2066 976 2158 qui
990 2088 1088 2150 supra
1101 2087 1159 2130 no-

409 2171 522 2235 minati
548 2179 624 2236 suut
653 2168 783 2254 quidem
810 2169 1009 2254 praedictam
1030 2169 1159 2234 Africa-

409 2297 484 2338 nam
497 2275 662 2360 regionem
676 2272 872 2359 designasse,
893 2273 957 2358 ipsi
978 2282 1011 2337 et
1025 2271 1159 2336 candem

410 2376 598 2442 Numidiam
621 2377 869 2461 descripserunt.
914 2376 972 2442 sed
995 2375 1072 2440 dum
1094 2399 1159 2440 non

413 2570 425 2614 1
447 2566 533 2613 Unuca
546 2571 615 2614 etiam
625 2569 688 2626 Act,
708 2568 783 2614 Inuca
799 2569 853 2614 Tab.
904 2569 918 2614 2
937 2567 1048 2614 sciciliba
1058 2569 1081 2612 B
1094 2568 1157 2625 aditi,

410 2637 528 2686 Sicilibba
558 2639 622 2697 Tala,
654 2638 765 2686 Sicilibra
788 2641 843 2685 Ant.
925 2641 939 2685 8
970 2639 1069 2684 Thurris
1103 2638 1158 2684 Tau.

410 2711 426 2756 4
451 2709 567 2756 Chisiduo
586 2714 655 2758 etiam
668 2711 723 2756 rau.
791 2711 804 2756 ὅ
830 2710 973 2756 Membrissa
993 2708 1057 2766 raa,
1085 2710 1159 2773 Μέμ-

409 2786 498 2852 βρησα
524 2782 627 2840 Procop.
724 2782 737 2825 6
767 2782 865 2828 africam
892 2781 925 2837 A,
962 2781 1100 2826 affricanum
1127 2780 1158 2825 Β.

411 2856 425 2900 7
446 2854 460 2898 8
490 2857 569 2899 cetera
586 2866 632 2912 que
651 2853 764 2898 dicuntur
782 2851 880 2897 flumina
900 2849 923 2896 0.
989 2853 1060 2896 9-11
1087 2849 1158 2909 Cepsi

410 2925 443 2970 Te
457 2924 572 2980 Torransl
596 2924 674 2981 cepsit
696 2927 721 2967 et
740 2935 820 2968 orrens
838 2919 913 2978 ABG,
942 2920 1038 2980 Capsite
1057 2921 1159 2967 Torrens

410 2995 474 3052 editi,
503 2993 594 3054 Cynips
616 2993 651 3039 Be
669 2993 770 3038 Terrena
796 2995 845 3038 tria
860 2991 963 3052 flumina
983 2993 1029 3039 sibi
1046 2995 1160 3051 proxima

414 3066 469 3112 Tub.
517 3066 548 3110 12
568 3063 782 3110 Panazeronediti.
830 3064 1026 3122 Macrianus.
1073 3063 1159 3108 1111-

411 3138 496 3184 zancid
513 3137 547 3192 Β,
574 3135 696 3194 hisacium
715 3134 790 3194 (corr.
809 3133 939 3194 bizacium]
960 3133 984 3191 0,
1012 3135 1159 3193 Byzancium

410 3209 474 3255 editi.
526 3208 557 3253 16
576 3207 606 3252 17
625 3207 758 3252 numidiam
771 3206 880 3262 quamvis
892 3219 964 3264 supra
975 3205 1094 3252 nominati
1105 3205 1160 3262 phi-

409 3280 506 3340 losophi
523 3278 656 3338 predictam
676 3276 700 3324 0.
768 3277 799 3322 16
826 3277 902 3322 isdem
920 3277 971 3322 AB.
1037 3279 1067 3322 17
1095 3276 1159 3321 affri-

410 3356 471 3398 cani
487 3352 517 3407 Β,
537 3351 576 3408 qai
594 3351 628 3394 ric
645 3350 746 3407 saepius.
803 3348 833 3393 18
855 3348 1002 3407 designasset
1021 3345 1045 3393 0.
