2872 4210
354 493 407 534 Vll!
686 493 838 528 paterano.

290 708 297 722 ,
354 636 489 703 diversis
517 659 537 700 a
565 636 712 702 manibus
741 637 957 722 conscriptos3
992 636 1092 700 veluti
1122 637 1171 700 in·

355 757 431 814 sunt
463 745 629 814 Ciceronis
658 745 740 814 Cato
768 749 885 830 maior,
915 749 1073 813 somnium
1101 745 1172 813 Sei-

354 862 471 948 pionis,
487 861 648 926 orationes
664 860 836 925 nonnullae
854 901 894 910 -
913 861 1034 945 scripta
1049 860 1172 943 aliquot

355 973 524 1038 Francisci
534 971 729 1036 Petrarchae
745 980 778 1038 et
788 971 919 1038 Nicolai
933 971 974 1036 de
987 969 1171 1058 Clemangis

356 1125 397 1136 -
426 1083 637 1170 Hildeg'ardis
667 1083 834 1168 prophetie
865 1125 905 1134 --
928 1082 1092 1148 Leonerdi
1117 1083 1173 1148 lu·

311 1261 312 1264 ,
355 1197 486 1262 stiniani
512 1195 631 1260 Veneti
666 1196 727 1260 viri
761 1195 889 1280 patricii
919 1192 1033 1261 Oratio
1061 1195 1172 1260 habita
1285 1249 1287 1254 .

354 1309 389 1372 in
410 1309 522 1372 funere
544 1307 658 1372 Karoli
680 1306 761 1372 Zoni
783 1330 811 1370 a.
831 1306 926 1389 1418,
949 1308 1021 1371 alia.

345 1453 346 1456 ¹
399 1419 527 1486 Herum
544 1419 684 1505 partium
695 1419 849 1484 vicesima
866 1419 1013 1504 septima,
1029 1439 1172 1484 saecxlv

355 1533 407 1597 vel
429 1552 482 1614 xv,
504 1531 692 1596 inscribitur
720 1528 995 1618 „Cosmographia
1015 1529 1172 1618 ligydiote

355 1643 457 1730 geniti
471 1645 505 1708 in
521 1644 651 1708 civitate
666 1643 854 1708 Ravenna“.
877 1644 919 1707 cf.
935 1643 1063 1708 Haenel
1078 1643 1172 1707 catal.

354 1779 386 1840 p.
400 1755 465 1826 534
476 1755 507 1820 b.
533 1755 749 1842 „ligydiotee“
769 1777 885 1820 nomen
901 1764 1087 1842 corruptum
1102 1777 1172 1820 esse

355 1891 395 1934 ex
406 1867 571 1934 vocabulis
585 1868 681 1950 „licet
691 1866 810 1932 idiota“
821 1867 897 1952 (IV,
906 1869 958 1934 31.
970 1867 1123 1952 p.258‚3.
1135 1867 1172 1952 4)

356 1981 481 2044 monuit
496 1979 603 2044 Maria
618 1977 803 2044 Armandus
815 1979 983 2046 Paschalis
999 1978 1174 2061 d⁷Aveza0,

357 2092 448 2158 cuius
471 2090 664 2178 benignitati
686 2092 833 2156 notitiam
855 2092 951 2158 huius
975 2091 1096 2156 codicis
1119 2091 1174 2155 de·

356 2201 480 2268 bemus.
538 2205 681 2268 continet
708 2201 808 2268 libros
835 2203 983 2284 tertium,
1015 2212 1174 2285 quartum,

357 2314 505 2400 quintum
538 2315 699 2380 auctiores
733 2336 828 2396 quam
862 2314 897 2378 in
926 2315 984 2378 AB
1012 2314 1173 2400 leguntur.

356 2425 443 2490 huno
472 2424 617 2490 codicem
647 2426 682 2489 in
711 2447 805 2490 usum
831 2433 977 2490 nostrum
1000 2426 1175 2490 accuratis-

356 2537 435 2602 sime
459 2537 600 2604 excussit
624 2534 759 2602 Carolus
774 2536 962 2604 Ludovieus
978 2537 1078 2619 Roth,
1100 2560 1174 2622 pro-

355 2649 459 2714 fessor
479 2648 678 2714 Basiliensis.
1175 2737 1177 2743 s

401 2761 537 2826 Praeter
558 2769 625 2826 tres
655 2781 735 2844 quos
759 2759 854 2826 modo
877 2761 1098 2826 recensuimus
1122 2782 1175 2825 co-

359 2873 448 2938 dices
477 2874 602 2938 nullum
624 2872 823 2938 Ravennatis
852 2871 971 2938 librum
999 2873 1175 2960 genuinum

358 2985 502 3050 invenire
538 2985 632 3050 nobis
668 2985 815 3072 contigit.
866 2985 1040 3072 vestigium
1066 2994 1175 3048 tamen

358 3096 530 3162 habuimus
560 3099 667 3182 quarti
691 3096 822 3162 codicis.
867 3098 1005 3184 legimus
1035 3096 1176 3161 enimin

356 3209 464 3296 regiae
487 3209 695 3275 Monacensis
724 3209 939 3276 bibliothecae
963 3207 1109 3294 catalogo
1137 3207 1176 3272 li-

356 3319 488 3386 brorum
520 3345 618 3388 manu
651 3323 844 3408 scriptorum
876 3321 939 3386 hoc
971 3321 1005 3385 in
1032 3320 1176 3407 margine

358 3431 505 3500 additum
538 3457 636 3500 manu
656 3433 791 3500 Ioannis.
810 3433 964 3500 Andreae
985 3431 1175 3501 Schmelleri
