2580 4028
271 521 325 575 248
464 557 466 561 -
897 561 901 568 .
1007 527 1042 574 lv
1060 528 1093 575 29

222 755 223 758 Ἴ
292 695 304 738 1
343 671 377 735 id
410 681 460 736 est
492 673 658 757 provincia
686 673 906 754 castellorum,
940 695 1022 756 quae
1053 675 1093 740 ab

291 799 305 842 r
344 777 483 860 antiquis
516 777 563 840 ita
595 776 786 854 vocabatur3
820 778 898 840 itam
932 776 974 840 ad
1007 801 1093 843 mare

291 903 305 947 3
343 902 496 964 magnum
508 879 711 944 Adriaticum
723 881 815 944 iuxta
823 882 1000 965 praefatam
1011 882 1095 946 Pen-

291 1006 306 1049 4
342 984 476 1068 tapolim
498 994 548 1048 est
568 985 734 1069 provincia
756 983 975 1069 Spolitium
997 983 1094 1051 Sau-

291 1110 305 1154 a
345 1089 497 1170 oensis,
512 1090 590 1152 item
604 1085 771 1172 provincia
784 1089 996 1170 Denersis‚
1017 1089 1095 1152 item

292 1215 306 1259 a
343 1192 510 1276 provincia
532 1191 699 1276 Apulia,
726 1193 805 1256 item
826 1193 992 1276 provincia
1014 1215 1095 1276 quae

293 1318 306 1362 7
345 1292 975 1362 diciturCalabriaBrindicensis.
1011 1297 1095 1383 girat

293 1421 307 1466 8
345 1408 453 1462 autem
467 1401 539 1484 ipsa
553 1399 649 1464 Italia
662 1398 697 1464 id
713 1409 762 1465 est
778 1399 817 1463 de
832 1399 1001 1464 Adriatico
1016 1402 1095 1464 mari

292 1525 307 1568 a
344 1504 378 1566 iu
395 1500 523 1568 Gallico
545 1527 565 1567 a
587 1505 753 1588 provincia
775 1503 911 1568 Pritas
927 1503 1095 1590 Rigien-

276 1627 308 1672 10
345 1608 417 1672 sis:
446 1629 520 1670 nam
550 1617 582 1671 et
610 1616 659 1671 est
686 1607 853 1692 provincia
873 1607 958 1672 inter
979 1607 1096 1672 Adria

277 1731 306 1774 11
344 1711 445 1776 ticum
467 1733 554 1776 mare
578 1721 610 1775 et
633 1707 796 1776 Gallicum
818 1710 925 1776 media
950 1733 1032 1796 quae
1054 1713 1095 1777 ab

277 1833 309 1878 rr
346 1817 486 1898 antiquis
510 1815 628 1879 dicitur
648 1811 883 1900 Campania,
907 1837 987 1900 quae
1010 1837 1097 1881 nune

277 1937 308 1982 18
345 1919 646 1984 Beneventanomm
663 1917 782 1983 dieitur
789 1921 904 2004 patria,
920 1921 1010 1984 iuxta
1019 1943 1096 1984 vero

278 2043 309 2088 14
346 2045 432 2088 mare
450 2022 614 2087 Gallicum
637 2031 687 2088 est
708 2025 874 2108 provincia
896 2025 930 2088 in
944 2025 1016 2110 ipsa
1030 2025 1096 2089 Ita-

349 2247 360 2292 1
382 2243 548 2304 provinciam?
574 2246 584 2290 Η
610 2245 794 2294 castellanorum
814 2247 896 2292 Gnido.
926 2247 935 2291 ΙΙ
959 2253 1014 2304 post
1037 2259 1096 2304 quae

346 2318 367 2362 A
390 2317 445 2362 add.
470 2318 513 2362 ita.
586 2318 600 2362 2
629 2319 664 2363 ita
684 2319 828 2374 vocabatur]
852 2319 886 2362 ric
904 2317 936 2374 A,
965 2317 1052 2362 dicitur
1072 2316 1095 2374 0,

347 2402 391 2432 om.
411 2388 433 2432 B
451 2388 515 2433 editi.
555 2388 676 2434 Umbriam
700 2403 749 2434 esse
766 2390 901 2446 suspicatur
919 2387 1096 2445 Mommaemiu35

348 2457 449 2504 Gnidoni
470 2460 660 2516 septimadecima
682 2466 716 2504 eat
735 2459 842 2504 Umbria.
909 2458 924 2502 4
953 2456 1094 2516 Spolitiuml

346 2528 455 2574 Picinnm
484 2528 585 2588 Spoletii
615 2530 698 2577 Gaido.
735 2529 744 2574 ΙΙ
778 2528 881 2574 sacensis
903 2528 925 2572 Β
948 2528 1016 2586 editi,
1042 2543 1096 2575 aau-

347 2601 433 2646 ciansis
457 2597 502 2658 Gis,
533 2602 661 2648 arusiensis
688 2599 836 2655 Mummius,
866 2601 881 2643 i.
905 2613 924 2644 a.
952 2601 1097 2652 Σαυνῖτιςῒ

348 2669 438 2716 Sabina
457 2671 567 2732 Greqorii
584 2670 685 2731 Mapai?
702 2673 828 2716 etiamnum
846 2668 944 2716 Sabina.
1006 2672 1019 2717 5
1049 2672 1096 2716 De-

346 2741 428 2800 narais‚
453 2743 510 2788 item
529 2742 654 2801 provincia
671 2741 771 2800 Apulia,
795 2741 852 2786 item
871 2742 995 2800 provincia
1012 2755 1056 2786 om.
1075 2742 1097 2786 Β

346 2811 410 2858 odiri.
447 2813 457 2858 ΙΙ
499 2813 624 2866 Danersisl
648 2811 891 2867 Dardansifl'Guid03
913 2809 996 2870 poaa'et
1014 2812 1097 2858 haberi

342 2888 390 2941 pro
402 2883 491 2930 Nursia
508 2883 580 2930 Pauli
592 2885 702 2940 Draconi,
721 2882 764 2928 aed
781 2888 803 2927 ar
820 2881 909 2928 Nursia
927 2889 949 2928 et
967 2883 1096 2929 Dardenaia

345 2958 498 3001 nominamur
509 2969 525 3000 a
538 2953 649 3000 Gnidoae.
697 2955 711 2998 6
730 2953 810 3012 apulie
820 2954 863 2997 AB
876 2953 940 3000 editi.
987 2957 1001 3000 7
1022 2952 1098 3012 Gyrat

346 3025 410 3072 editi.
466 3027 480 3072 8
504 3028 597 3080 autem]
616 3029 658 3070 aut
677 3023 702 3070 0.
730 3024 739 3069 ΙΙ
765 3023 842 3084 ytalia
864 3025 886 3068 B
905 3025 942 3070 hic
961 3031 983 3070 et
997 3025 1095 3082 passim.

347 3096 433 3143 ilmare
451 3097 494 3142 ΑΒ
512 3095 576 3141 editi.
632 3097 694 3150 Sal
713 3096 744 3140 ad
764 3093 787 3141 0.
816 3094 825 3140 ΙΙ
851 3097 981 3153 provinciis
994 3097 1021 3151 A,
1042 3109 1097 3153 pro-

346 3169 436 3214 vintias
454 3169 488 3223 B,
519 3167 656 3224 provincias
679 3164 703 3212 0.
740 3165 749 3211 ΙΙ
787 3165 864 3211 Pritaa
886 3165 1018 3226 Rigiensisl
1041 3167 1057 3210 i.
1077 3180 1096 3211 a.

346 3238 440 3284 Bruttia
458 3237 589 3296 Regiensis,
608 3235 685 3282 Paulo
703 3237 811 3282 Diacoao
831 3237 914 3282 Britia.
946 3236 1097 3292 „Gonaetori

346 3308 467 3355 Lucaniae
481 3313 505 3354 et
520 3307 677 3354 Brittiorum“
697 3309 773 3354 Imm.
782 3309 859 3368 Rapui
867 3307 942 3364 Neap.
954 3308 989 3352 ed.
999 3307 1098 3352 Momm-

347 3391 387 3424 am
404 3379 478 3425 a0.3.
548 3381 578 3424 10
607 3393 662 3425 narn
681 3380 717 3434 et]
735 3391 839 3437 namque
857 3379 885 3423 A.
914 3378 923 3424 ΙΙ
948 3383 985 3424 est
1007 3391 1051 3422 om.
1073 3376 1096 3433 0,

343 3456 400 3506 post
417 3451 541 3508 provincia
555 3453 625 3509 ponit
642 3452 670 3496 A.
699 3450 708 3496 ΙΙ
733 3451 855 3510 provintia
873 3449 901 3493 Β.
967 3449 998 3492 12
1027 3445 1097 3492 Cam-

347 3520 431 3576 pania]
452 3519 574 3568 Samnium
594 3521 677 3568 Gnido.
