<?xml version="1.0" encoding="UTF-8"?>
<!DOCTYPE html PUBLIC "-//W3C//DTD XHTML 1.0 Transitional//EN"
    "http://www.w3.org/TR/xhtml1/DTD/xhtml1-transitional.dtd">
<html xmlns="http://www.w3.org/1999/xhtml" xml:lang="en" lang="en">
 <head>
  <title>
</title>
<meta http-equiv="Content-Type" content="text/html;charset=utf-8" />
  <meta name='ocr-system' content='tesseract 3.04.00' />
  <meta name='ocr-capabilities' content='ocr_page ocr_carea ocr_par ocr_line ocrx_word'/>
</head>
<body>
  <div class='ocr_page' id='page_1' title='image "./ravennatisanony00ravegoog_0288.png"; bbox 0 0 2578 4008; ppageno 0'>
   <div class='ocr_carea' id='block_1_1' title="bbox 160 1549 190 1593">
    <p class='ocr_par' dir='ltr' id='par_1_1' title="bbox 160 1549 190 1593">
     <span class='ocr_line' id='line_1_1' title="bbox 160 1549 190 1593; baseline 0 0"><span class='ocrx_word' id='word_1_1' title='bbox 160 1549 190 1593; x_wconf 91' lang='lat'><strong>10</strong></span> 
     </span>
    </p>
   </div>
   <div class='ocr_carea' id='block_1_2' title="bbox 158 1655 189 1904">
    <p class='ocr_par' dir='ltr' id='par_1_2' title="bbox 158 1655 189 1904">
     <span class='ocr_line' id='line_1_2' title="bbox 159 1655 188 1698; baseline 0 0"><span class='ocrx_word' id='word_1_2' title='bbox 159 1655 188 1698; x_wconf 92' lang='lat'><strong>11</strong></span> 
     </span>
     <span class='ocr_line' id='line_1_3' title="bbox 158 1757 189 1800; baseline 0 0"><span class='ocrx_word' id='word_1_3' title='bbox 158 1757 189 1800; x_wconf 76' lang='lat'><strong>12</strong></span> 
     </span>
     <span class='ocr_line' id='line_1_4' title="bbox 158 1861 188 1904; baseline 0.033 -1"><span class='ocrx_word' id='word_1_4' title='bbox 158 1861 188 1904; x_wconf 82' lang='lat'><strong>13</strong></span> 
     </span>
    </p>
   </div>
   <div class='ocr_carea' id='block_1_3' title="bbox 227 595 979 1698">
    <p class='ocr_par' dir='ltr' id='par_1_3' title="bbox 383 595 729 684">
     <span class='ocr_line' id='line_1_5' title="bbox 383 595 729 684; baseline 0 -22"><span class='ocrx_word' id='word_1_5' title='bbox 383 595 512 680; x_wconf 83' lang='lat' dir='ltr'><strong>Casina,</strong></span> <span class='ocrx_word' id='word_1_6' title='bbox 536 608 568 663; x_wconf 84' lang='lat' dir='ltr'><strong>et</strong></span> <span class='ocrx_word' id='word_1_7' title='bbox 592 598 729 684; x_wconf 80' lang='lat' dir='ltr'>desuper</span> 
     </span>
    </p>

    <p class='ocr_par' dir='ltr' id='par_1_4' title="bbox 382 700 503 768">
     <span class='ocr_line' id='line_1_6' title="bbox 382 700 503 768; baseline -0.017 0"><span class='ocrx_word' id='word_1_8' title='bbox 382 700 503 768; x_wconf 84' lang='lat' dir='ltr'><strong>Sesena</strong></span> 
     </span>
    </p>

    <p class='ocr_par' dir='ltr' id='par_1_5' title="bbox 382 805 648 870">
     <span class='ocr_line' id='line_1_7' title="bbox 382 805 648 870; baseline 0 0"><span class='ocrx_word' id='word_1_9' title='bbox 382 805 498 870; x_wconf 85' lang='lat' dir='ltr'><strong>Monte</strong></span> <span class='ocrx_word' id='word_1_10' title='bbox 521 807 648 870; x_wconf 79' lang='lat' dir='ltr'><strong>Feletre</strong></span> 
     </span>
    </p>

    <p class='ocr_par' dir='ltr' id='par_1_6' title="bbox 381 906 506 974">
     <span class='ocr_line' id='line_1_8' title="bbox 381 906 506 974; baseline 0.008 -1"><span class='ocrx_word' id='word_1_11' title='bbox 381 906 506 974; x_wconf 92' lang='lat' dir='ltr'><strong>Orbino</strong></span> 
     </span>
    </p>

    <p class='ocr_par' dir='ltr' id='par_1_7' title="bbox 380 1011 670 1099">
     <span class='ocr_line' id='line_1_9' title="bbox 380 1011 670 1099; baseline 0 -23"><span class='ocrx_word' id='word_1_12' title='bbox 380 1013 465 1077; x_wconf 79' lang='lat' dir='ltr'><strong>Foro</strong></span> <span class='ocrx_word' id='word_1_13' title='bbox 489 1011 670 1099; x_wconf 87' lang='lat' dir='ltr'>Sempronii</span> 
     </span>
    </p>

    <p class='ocr_par' dir='ltr' id='par_1_8' title="bbox 379 1115 554 1182">
     <span class='ocr_line' id='line_1_10' title="bbox 379 1115 554 1182; baseline 0.017 -2"><span class='ocrx_word' id='word_1_14' title='bbox 379 1115 554 1182; x_wconf 82' lang='lat' dir='ltr'><strong>Intercissa</strong></span> 
     </span>
    </p>

    <p class='ocr_par' dir='ltr' id='par_1_9' title="bbox 380 1217 484 1285">
     <span class='ocr_line' id='line_1_11' title="bbox 380 1217 484 1285; baseline 0.01 -1"><span class='ocrx_word' id='word_1_15' title='bbox 380 1217 484 1285; x_wconf 89' lang='lat' dir='ltr'><strong>Gallis</strong></span> 
     </span>
    </p>

    <p class='ocr_par' dir='ltr' id='par_1_10' title="bbox 377 1323 522 1413">
     <span class='ocr_line' id='line_1_12' title="bbox 377 1323 522 1413; baseline 0 -25"><span class='ocrx_word' id='word_1_16' title='bbox 377 1323 522 1413; x_wconf 82' lang='lat' dir='ltr'><strong>Luciolis</strong></span> 
     </span>
    </p>

    <p class='ocr_par' dir='ltr' id='par_1_11' title="bbox 227 1425 979 1614">
     <span class='ocr_line' id='line_1_13' title="bbox 376 1425 979 1513; baseline 0.003 -23"><span class='ocrx_word' id='word_1_17' title='bbox 376 1425 506 1513; x_wconf 79' lang='lat' dir='ltr'><strong>Egubia</strong></span> <span class='ocrx_word' id='word_1_18' title='bbox 529 1451 610 1512; x_wconf 86' lang='lat' dir='ltr'><strong>quae</strong></span> <span class='ocrx_word' id='word_1_19' title='bbox 633 1427 752 1492; x_wconf 83' lang='lat' dir='ltr'><strong>dicitur</strong></span> <span class='ocrx_word' id='word_1_20' title='bbox 767 1427 910 1492; x_wconf 88' lang='lat' dir='ltr'><strong>Interbio</strong></span> <span class='ocrx_word' id='word_1_21' title='bbox 927 1428 979 1492; x_wconf 86' lang='lat' dir='ltr'><strong>vel</strong></span> 
     </span>
     <span class='ocr_line' id='line_1_14' title="bbox 227 1527 720 1614; baseline 0.004 -20"><span class='ocrx_word' id='word_1_22' title='bbox 227 1527 496 1595; x_wconf 76' lang='lat' dir='ltr'><strong>Constantiniana</strong></span> <span class='ocrx_word' id='word_1_23' title='bbox 518 1541 614 1614; x_wconf 85' lang='lat' dir='ltr'><strong>atque</strong></span> <span class='ocrx_word' id='word_1_24' title='bbox 636 1531 720 1596; x_wconf 89' lang='lat' dir='ltr'><strong>Iulia</strong></span> 
     </span>
    </p>

    <p class='ocr_par' dir='ltr' id='par_1_12' title="bbox 378 1633 512 1698">
     <span class='ocr_line' id='line_1_15' title="bbox 378 1633 512 1698; baseline 0 0"><span class='ocrx_word' id='word_1_25' title='bbox 378 1633 512 1698; x_wconf 85' lang='lat' dir='ltr'><strong>Perusia</strong></span> 
     </span>
    </p>
   </div>
   <div class='ocr_carea' id='block_1_4' title="bbox 375 1738 499 1803">
    <p class='ocr_par' dir='ltr' id='par_1_13' title="bbox 375 1738 499 1803">
     <span class='ocr_line' id='line_1_16' title="bbox 375 1738 499 1803; baseline 0 -1"><span class='ocrx_word' id='word_1_26' title='bbox 375 1738 499 1803; x_wconf 82' lang='lat' dir='ltr'><strong>Petona</strong></span> 
     </span>
    </p>
   </div>
   <div class='ocr_carea' id='block_1_5' title="bbox 375 1840 483 1904">
    <p class='ocr_par' dir='ltr' id='par_1_14' title="bbox 375 1840 483 1904">
     <span class='ocr_line' id='line_1_17' title="bbox 375 1840 483 1904; baseline 0 0"><span class='ocrx_word' id='word_1_27' title='bbox 375 1840 483 1904; x_wconf 81' lang='lat' dir='ltr'><strong>Turde</strong></span> 
     </span>
    </p>
   </div>
   <div class='ocr_carea' id='block_1_6' title="bbox 218 2167 974 3498">
    <p class='ocr_par' dir='ltr' id='par_1_15' title="bbox 218 2167 974 3498">
     <span class='ocr_line' id='line_1_18' title="bbox 227 2167 974 2225; baseline 0.003 -13"><span class='ocrx_word' id='word_1_28' title='bbox 227 2171 238 2212; x_wconf 90' lang='lat'>1</span> <span class='ocrx_word' id='word_1_29' title='bbox 269 2167 360 2214; x_wconf 75' lang='lat' dir='ltr'><strong>cesena</strong></span> <span class='ocrx_word' id='word_1_30' title='bbox 382 2169 485 2224; x_wconf 76' lang='lat' dir='ltr'><strong>Hieras,</strong></span> <span class='ocrx_word' id='word_1_31' title='bbox 515 2167 595 2214; x_wconf 84' lang='lat' dir='ltr'><strong>Curva</strong></span> <span class='ocrx_word' id='word_1_32' title='bbox 613 2167 720 2214; x_wconf 76' lang='lat' dir='ltr'>Caesena</span> <span class='ocrx_word' id='word_1_33' title='bbox 741 2169 805 2225; x_wconf 77' lang='lat' dir='ltr'><strong>Ant,</strong></span> <span class='ocrx_word' id='word_1_34' title='bbox 834 2167 913 2214; x_wconf 82' lang='lat' dir='ltr'><strong>Curua</strong></span> <span class='ocrx_word' id='word_1_35' title='bbox 937 2183 974 2214; x_wconf 83' lang='lat' dir='ltr'><strong>ce·</strong></span> 
     </span>
     <span class='ocr_line' id='line_1_19' title="bbox 224 2237 974 2296; baseline 0 -12"><span class='ocrx_word' id='word_1_36' title='bbox 224 2252 282 2284; x_wconf 83' lang='lat' dir='ltr'><strong>sena</strong></span> <span class='ocrx_word' id='word_1_37' title='bbox 303 2239 358 2284; x_wconf 75' lang='lat' dir='ltr'><strong>raa.</strong></span> <span class='ocrx_word' id='word_1_38' title='bbox 414 2240 427 2283; x_wconf 80' lang='lat'><strong>2</strong></span> <span class='ocrx_word' id='word_1_39' title='bbox 456 2237 558 2296; x_wconf 83' lang='lat' dir='ltr'><strong>Sesena]</strong></span> <span class='ocrx_word' id='word_1_40' title='bbox 578 2240 658 2286; x_wconf 86' lang='lat' dir='ltr'><strong>cesina</strong></span> <span class='ocrx_word' id='word_1_41' title='bbox 677 2237 701 2296; x_wconf 80' lang='lat'><strong>0,</strong></span> <span class='ocrx_word' id='word_1_42' title='bbox 729 2253 813 2286; x_wconf 87' lang='lat' dir='ltr'><strong>arsena</strong></span> <span class='ocrx_word' id='word_1_43' title='bbox 831 2239 859 2294; x_wconf 82' lang='lat' dir='ltr'><strong>G,</strong></span> <span class='ocrx_word' id='word_1_44' title='bbox 882 2239 974 2285; x_wconf 75' lang='lat' dir='ltr'><strong>videtur</strong></span> 
     </span>
     <span class='ocr_line' id='line_1_20' title="bbox 224 2307 971 2367; baseline 0.003 -13"><span class='ocrx_word' id='word_1_45' title='bbox 224 2323 272 2354; x_wconf 80' lang='lat' dir='ltr'><strong>esee</strong></span> <span class='ocrx_word' id='word_1_46' title='bbox 285 2307 381 2356; x_wconf 77' lang='lat' dir='ltr'><strong>Sarsina</strong></span> <span class='ocrx_word' id='word_1_47' title='bbox 390 2308 452 2366; x_wconf 70' lang='lat' dir='ltr'><strong>aaa,</strong></span> <span class='ocrx_word' id='word_1_48' title='bbox 466 2308 597 2367; x_wconf 75' lang='lat' dir='ltr'><strong>Martialis,</strong></span> <span class='ocrx_word' id='word_1_49' title='bbox 611 2308 720 2367; x_wconf 75' lang='lat' dir='ltr'><strong>aliarum,</strong></span> <span class='ocrx_word' id='word_1_50' title='bbox 734 2312 858 2356; x_wconf 73' lang='lat' dir='ltr'><strong>etiamnum</strong></span> <span class='ocrx_word' id='word_1_51' title='bbox 867 2309 971 2356; x_wconf 83' lang='lat' dir='ltr'><strong>Sarsina.</strong></span> 
     </span>
     <span class='ocr_line' id='line_1_21' title="bbox 227 2379 973 2450; baseline 0.007 -25"><span class='ocrx_word' id='word_1_52' title='bbox 227 2381 241 2425; x_wconf 84' lang='lat'><strong>3</strong></span> <span class='ocrx_word' id='word_1_53' title='bbox 269 2379 351 2426; x_wconf 88' lang='lat' dir='ltr'><strong>Monte</strong></span> <span class='ocrx_word' id='word_1_54' title='bbox 370 2380 474 2436; x_wconf 85' lang='lat' dir='ltr'><strong>Feletre]</strong></span> <span class='ocrx_word' id='word_1_55' title='bbox 498 2395 567 2426; x_wconf 88' lang='lat' dir='ltr'><strong>mons</strong></span> <span class='ocrx_word' id='word_1_56' title='bbox 585 2379 673 2426; x_wconf 85' lang='lat' dir='ltr'><strong>felleris</strong></span> <span class='ocrx_word' id='word_1_57' title='bbox 693 2380 720 2437; x_wconf 79' lang='lat' dir='ltr'><strong>G,</strong></span> <span class='ocrx_word' id='word_1_58' title='bbox 748 2383 973 2450; x_wconf 76' lang='grc' dir='ltr'><strong><em>Μοντεφέρετρον</em></strong></span> 
     </span>
     <span class='ocr_line' id='line_1_22' title="bbox 222 2450 972 2508; baseline 0.003 -13"><span class='ocrx_word' id='word_1_59' title='bbox 222 2451 324 2508; x_wconf 81' lang='lat' dir='ltr'><strong>Procop.</strong></span> <span class='ocrx_word' id='word_1_60' title='bbox 387 2452 403 2496; x_wconf 79' lang='lat'>4</span> <span class='ocrx_word' id='word_1_61' title='bbox 431 2450 734 2507; x_wconf 81' lang='lat' dir='ltr'><strong>Orbin01eetUrbinum.</strong></span> <span class='ocrx_word' id='word_1_62' title='bbox 799 2453 812 2498; x_wconf 81' lang='lat'>5</span> <span class='ocrx_word' id='word_1_63' title='bbox 841 2453 893 2497; x_wconf 87' lang='lat' dir='ltr'><strong>foro</strong></span> <span class='ocrx_word' id='word_1_64' title='bbox 911 2465 972 2498; x_wconf 89' lang='lat' dir='ltr'><strong>sem-</strong></span> 
     </span>
     <span class='ocr_line' id='line_1_23' title="bbox 223 2521 972 2581; baseline 0 -15"><span class='ocrx_word' id='word_1_65' title='bbox 223 2521 301 2566; x_wconf 80' lang='lat' dir='ltr'><strong>brsnii</strong></span> <span class='ocrx_word' id='word_1_66' title='bbox 320 2521 348 2577; x_wconf 83' lang='lat' dir='ltr'><strong>B,</strong></span> <span class='ocrx_word' id='word_1_67' title='bbox 377 2522 428 2566; x_wconf 87' lang='lat' dir='ltr'><strong>foro</strong></span> <span class='ocrx_word' id='word_1_68' title='bbox 441 2522 588 2579; x_wconf 88' lang='lat' dir='ltr'><strong>semphronii</strong></span> <span class='ocrx_word' id='word_1_69' title='bbox 608 2521 631 2580; x_wconf 80' lang='lat'><strong>0,</strong></span> <span class='ocrx_word' id='word_1_70' title='bbox 659 2521 720 2568; x_wconf 78' lang='lat' dir='ltr'><strong>Foro</strong></span> <span class='ocrx_word' id='word_1_71' title='bbox 733 2521 858 2581; x_wconf 82' lang='lat' dir='ltr'><strong>Semproni</strong></span> <span class='ocrx_word' id='word_1_72' title='bbox 876 2524 931 2566; x_wconf 79' lang='lat' dir='ltr'><strong>Aat.</strong></span> <span class='ocrx_word' id='word_1_73' title='bbox 949 2529 972 2567; x_wconf 86' lang='lat' dir='ltr'><strong>et</strong></span> 
     </span>
     <span class='ocr_line' id='line_1_24' title="bbox 226 2591 969 2650; baseline 0.001 -14"><span class='ocrx_word' id='word_1_74' title='bbox 226 2591 290 2647; x_wconf 68' lang='lat' dir='ltr'><strong>Tan,</strong></span> <span class='ocrx_word' id='word_1_75' title='bbox 319 2591 380 2638; x_wconf 86' lang='lat' dir='ltr'><strong>Foro</strong></span> <span class='ocrx_word' id='word_1_76' title='bbox 400 2591 521 2650; x_wconf 89' lang='lat' dir='ltr'><strong>Simproni</strong></span> <span class='ocrx_word' id='word_1_77' title='bbox 539 2593 633 2638; x_wconf 80' lang='lat' dir='ltr'><strong>Hieros.</strong></span> <span class='ocrx_word' id='word_1_78' title='bbox 693 2594 706 2638; x_wconf 88' lang='grc'><strong>6</strong></span> <span class='ocrx_word' id='word_1_79' title='bbox 736 2593 851 2638; x_wconf 82' lang='lat' dir='ltr'><strong>Intercisa</strong></span> <span class='ocrx_word' id='word_1_80' title='bbox 867 2593 969 2649; x_wconf 72' lang='lat' dir='ltr'><strong>Hieron,</strong></span> 
     </span>
     <span class='ocr_line' id='line_1_25' title="bbox 222 2661 970 2720; baseline 0.003 -14"><span class='ocrx_word' id='word_1_81' title='bbox 222 2662 260 2707; x_wconf 85' lang='lat' dir='ltr'><strong>Ad</strong></span> <span class='ocrx_word' id='word_1_82' title='bbox 278 2662 395 2708; x_wconf 85' lang='lat' dir='ltr'><strong>Intercisa</strong></span> <span class='ocrx_word' id='word_1_83' title='bbox 415 2663 471 2708; x_wconf 80' lang='lat' dir='ltr'><strong>Tab.</strong></span> <span class='ocrx_word' id='word_1_84' title='bbox 526 2666 539 2708; x_wconf 84' lang='lat'><strong>7</strong></span> <span class='ocrx_word' id='word_1_85' title='bbox 561 2661 649 2720; x_wconf 85' lang='lat' dir='ltr'><strong>Gallis]</strong></span> <span class='ocrx_word' id='word_1_86' title='bbox 670 2662 737 2710; x_wconf 82' lang='lat' dir='ltr'><strong>Galle</strong></span> <span class='ocrx_word' id='word_1_87' title='bbox 755 2664 822 2708; x_wconf 85' lang='lat' dir='ltr'><strong>vicus</strong></span> <span class='ocrx_word' id='word_1_88' title='bbox 840 2663 904 2718; x_wconf 79' lang='lat' dir='ltr'><strong>Ant,</strong></span> <span class='ocrx_word' id='word_1_89' title='bbox 931 2663 970 2708; x_wconf 87' lang='lat' dir='ltr'><strong>Ad</strong></span> 
     </span>
     <span class='ocr_line' id='line_1_26' title="bbox 222 2731 969 2790; baseline 0 -12"><span class='ocrx_word' id='word_1_90' title='bbox 222 2732 296 2778; x_wconf 75' lang='lat' dir='ltr'><strong>nalem</strong></span> <span class='ocrx_word' id='word_1_91' title='bbox 319 2733 382 2790; x_wconf 67' lang='lat' dir='ltr'><strong>Tab„</strong></span> <span class='ocrx_word' id='word_1_92' title='bbox 410 2734 448 2778; x_wconf 87' lang='lat' dir='ltr'><strong>Ad</strong></span> <span class='ocrx_word' id='word_1_93' title='bbox 472 2733 523 2779; x_wconf 84' lang='lat' dir='ltr'><strong>cale</strong></span> <span class='ocrx_word' id='word_1_94' title='bbox 545 2734 640 2779; x_wconf 80' lang='lat' dir='ltr'><strong>Hieras.</strong></span> <span class='ocrx_word' id='word_1_95' title='bbox 712 2736 726 2779; x_wconf 83' lang='lat'>8</span> <span class='ocrx_word' id='word_1_96' title='bbox 754 2733 846 2778; x_wconf 89' lang='lat' dir='ltr'><strong>lutiolis</strong></span> <span class='ocrx_word' id='word_1_97' title='bbox 864 2733 887 2777; x_wconf 87' lang='lat' dir='ltr'><em>B</em></span> <span class='ocrx_word' id='word_1_98' title='bbox 905 2731 969 2790; x_wconf 79' lang='lat' dir='ltr'><strong>editi,</strong></span> 
     </span>
     <span class='ocr_line' id='line_1_27' title="bbox 221 2803 969 2864; baseline 0 -16"><span class='ocrx_word' id='word_1_99' title='bbox 221 2803 321 2850; x_wconf 84' lang='lat' dir='ltr'><strong>luceolis</strong></span> <span class='ocrx_word' id='word_1_100' title='bbox 340 2803 360 2850; x_wconf 79' lang='lat' dir='ltr'><strong><em>G</em></strong></span> <span class='ocrx_word' id='word_1_101' title='bbox 378 2810 400 2849; x_wconf 82' lang='lat' dir='ltr'><strong>et</strong></span> <span class='ocrx_word' id='word_1_102' title='bbox 418 2803 508 2850; x_wconf 82' lang='lat' dir='ltr'><strong>Paalae</strong></span> <span class='ocrx_word' id='word_1_103' title='bbox 519 2805 590 2850; x_wconf 83' lang='lat' dir='ltr'><strong>Diae.</strong></span> <span class='ocrx_word' id='word_1_104' title='bbox 645 2804 793 2864; x_wconf 85' lang='lat' dir='ltr'><strong>9egubium</strong></span> <span class='ocrx_word' id='word_1_105' title='bbox 813 2803 839 2860; x_wconf 83' lang='lat' dir='ltr'><strong>G,</strong></span> <span class='ocrx_word' id='word_1_106' title='bbox 867 2803 969 2862; x_wconf 86' lang='lat' dir='ltr'><strong>Eugube</strong></span> 
     </span>
     <span class='ocr_line' id='line_1_28' title="bbox 221 2873 968 2934; baseline 0 -15"><span class='ocrx_word' id='word_1_107' title='bbox 221 2873 284 2930; x_wconf 82' lang='lat' dir='ltr'><strong>editi,</strong></span> <span class='ocrx_word' id='word_1_108' title='bbox 312 2875 423 2934; x_wconf 80' lang='lat' dir='ltr'><strong>Iguvium</strong></span> <span class='ocrx_word' id='word_1_109' title='bbox 443 2874 517 2933; x_wconf 75' lang='lat' dir='ltr'><strong>Gaea,</strong></span> <span class='ocrx_word' id='word_1_110' title='bbox 540 2877 564 2921; x_wconf 83' lang='lat' dir='ltr'><strong>ia</strong></span> <span class='ocrx_word' id='word_1_111' title='bbox 580 2873 670 2920; x_wconf 81' lang='lat' dir='ltr'><strong>Tabala</strong></span> <span class='ocrx_word' id='word_1_112' title='bbox 691 2873 756 2920; x_wconf 86' lang='lat' dir='ltr'><strong>Iovis</strong></span> <span class='ocrx_word' id='word_1_113' title='bbox 774 2875 894 2920; x_wconf 87' lang='lat' dir='ltr'><strong>Penninus</strong></span> <span class='ocrx_word' id='word_1_114' title='bbox 912 2875 936 2918; x_wconf 88' lang='lat' dir='ltr'><strong>id</strong></span> <span class='ocrx_word' id='word_1_115' title='bbox 956 2879 968 2919; x_wconf 73' lang='grc' dir='ltr'><strong>ἔ</strong></span> 
     </span>
     <span class='ocr_line' id='line_1_29' title="bbox 221 2944 969 3004; baseline -0.003 -14"><span class='ocrx_word' id='word_1_116' title='bbox 221 2945 318 3004; x_wconf 81' lang='lat' dir='ltr'><strong>egubio,</strong></span> <span class='ocrx_word' id='word_1_117' title='bbox 343 2945 384 2990; x_wconf 77' lang='lat' dir='ltr'><strong>aed</strong></span> <span class='ocrx_word' id='word_1_118' title='bbox 401 2946 427 2991; x_wconf 89' lang='lat' dir='ltr'><strong>id</strong></span> <span class='ocrx_word' id='word_1_119' title='bbox 445 2951 458 2991; x_wconf 67' lang='lat' dir='ltr'><strong>a</strong></span> <span class='ocrx_word' id='word_1_120' title='bbox 476 2949 512 2992; x_wconf 79' lang='lat' dir='ltr'><strong>ita</strong></span> <span class='ocrx_word' id='word_1_121' title='bbox 529 2944 671 2991; x_wconf 83' lang='lat' dir='ltr'><strong>collocatam</strong></span> <span class='ocrx_word' id='word_1_122' title='bbox 693 2959 764 3003; x_wconf 79' lang='lat' dir='ltr'><strong>saper</strong></span> <span class='ocrx_word' id='word_1_123' title='bbox 782 2945 878 3003; x_wconf 77' lang='lat' dir='ltr'><strong>egubio,</strong></span> <span class='ocrx_word' id='word_1_124' title='bbox 897 2950 923 2988; x_wconf 86' lang='lat' dir='ltr'><strong>at</strong></span> <span class='ocrx_word' id='word_1_125' title='bbox 941 2957 969 2989; x_wconf 77' lang='lat' dir='ltr'><strong>aa</strong></span> 
     </span>
     <span class='ocr_line' id='line_1_30' title="bbox 221 3015 967 3074; baseline 0 -14"><span class='ocrx_word' id='word_1_126' title='bbox 221 3017 332 3061; x_wconf 77' lang='lat' dir='ltr'><strong>eiusmodi</strong></span> <span class='ocrx_word' id='word_1_127' title='bbox 349 3018 469 3074; x_wconf 75' lang='lat' dir='ltr'><strong>scriptura</strong></span> <span class='ocrx_word' id='word_1_128' title='bbox 482 3016 589 3062; x_wconf 88' lang='lat' dir='ltr'><strong>Interbio</strong></span> <span class='ocrx_word' id='word_1_129' title='bbox 607 3023 687 3061; x_wconf 82' lang='lat' dir='ltr'><strong>matam</strong></span> <span class='ocrx_word' id='word_1_130' title='bbox 705 3029 754 3060; x_wconf 77' lang='lat' dir='ltr'><strong>esee</strong></span> <span class='ocrx_word' id='word_1_131' title='bbox 766 3017 852 3073; x_wconf 79' lang='lat' dir='ltr'><strong>poerit.</strong></span> <span class='ocrx_word' id='word_1_132' title='bbox 872 3015 881 3060; x_wconf 96' lang='grc' dir='ltr'><strong>ΙΙ</strong></span> <span class='ocrx_word' id='word_1_133' title='bbox 898 3017 967 3072; x_wconf 85' lang='lat' dir='ltr'><strong>quae]</strong></span> 
     </span>
     <span class='ocr_line' id='line_1_31' title="bbox 221 3081 968 3144; baseline 0 -14"><span class='ocrx_word' id='word_1_134' title='bbox 221 3087 261 3144; x_wconf 88' lang='lat' dir='ltr'><strong>qui</strong></span> <span class='ocrx_word' id='word_1_135' title='bbox 281 3085 304 3132; x_wconf 79' lang='lat' dir='ltr'><strong>C.</strong></span> <span class='ocrx_word' id='word_1_136' title='bbox 334 3087 343 3132; x_wconf 85' lang='lat' dir='ltr'><strong>ii</strong></span> <span class='ocrx_word' id='word_1_137' title='bbox 368 3087 488 3142; x_wconf 84' lang='lat' dir='ltr'><strong>Interbiol</strong></span> <span class='ocrx_word' id='word_1_138' title='bbox 510 3087 613 3132; x_wconf 87' lang='lat' dir='ltr'><strong>niterbio</strong></span> <span class='ocrx_word' id='word_1_139' title='bbox 631 3088 659 3144; x_wconf 82' lang='lat' dir='ltr'><strong>A,</strong></span> <span class='ocrx_word' id='word_1_140' title='bbox 686 3087 806 3132; x_wconf 86' lang='lat' dir='ltr'><strong>internum</strong></span> <span class='ocrx_word' id='word_1_141' title='bbox 825 3081 876 3142; x_wconf 61' lang='lat' dir='ltr'><strong>Gffi,</strong></span> <span class='ocrx_word' id='word_1_142' title='bbox 904 3085 968 3130; x_wconf 87' lang='lat' dir='ltr'><strong>ince-</strong></span> 
     </span>
     <span class='ocr_line' id='line_1_32' title="bbox 219 3155 968 3214; baseline 0 -12"><span class='ocrx_word' id='word_1_143' title='bbox 219 3171 288 3202; x_wconf 86' lang='lat' dir='ltr'><strong>ruum</strong></span> <span class='ocrx_word' id='word_1_144' title='bbox 309 3157 347 3214; x_wconf 69' lang='grc' dir='ltr'><strong>θ’,</strong></span> <span class='ocrx_word' id='word_1_145' title='bbox 375 3157 470 3202; x_wconf 68' lang='lat' dir='ltr'><strong>interim</strong></span> <span class='ocrx_word' id='word_1_146' title='bbox 486 3155 524 3202; x_wconf 61' lang='lat' dir='ltr'><strong>Gi.</strong></span> <span class='ocrx_word' id='word_1_147' title='bbox 552 3158 561 3203; x_wconf 85' lang='lat' dir='ltr'><strong>ii</strong></span> <span class='ocrx_word' id='word_1_148' title='bbox 586 3157 640 3214; x_wconf 81' lang='lat' dir='ltr'><strong>vel]</strong></span> <span class='ocrx_word' id='word_1_149' title='bbox 657 3171 699 3202; x_wconf 90' lang='lat' dir='ltr'><strong>seu</strong></span> <span class='ocrx_word' id='word_1_150' title='bbox 718 3156 801 3202; x_wconf 83' lang='lat' dir='ltr'><strong>Gaido.</strong></span> <span class='ocrx_word' id='word_1_151' title='bbox 869 3157 900 3201; x_wconf 91' lang='lat'><strong>10</strong></span> <span class='ocrx_word' id='word_1_152' title='bbox 928 3155 968 3202; x_wconf 90' lang='lat' dir='ltr'><strong>Iu-</strong></span> 
     </span>
     <span class='ocr_line' id='line_1_33' title="bbox 218 3226 966 3287; baseline 0 -15"><span class='ocrx_word' id='word_1_153' title='bbox 218 3226 263 3283; x_wconf 85' lang='lat' dir='ltr'><strong>lia]</strong></span> <span class='ocrx_word' id='word_1_154' title='bbox 282 3230 396 3274; x_wconf 78' lang='lat' dir='ltr'><strong>incertam</strong></span> <span class='ocrx_word' id='word_1_155' title='bbox 414 3242 446 3273; x_wconf 86' lang='lat' dir='ltr'><strong>aa</strong></span> <span class='ocrx_word' id='word_1_156' title='bbox 463 3228 496 3273; x_wconf 83' lang='lat' dir='ltr'><strong>ad</strong></span> <span class='ocrx_word' id='word_1_157' title='bbox 512 3242 609 3287; x_wconf 79' lang='lat' dir='ltr'><strong>seqaeaa</strong></span> <span class='ocrx_word' id='word_1_158' title='bbox 624 3230 750 3286; x_wconf 80' lang='lat' dir='ltr'><strong>pertimeat.</strong></span> <span class='ocrx_word' id='word_1_159' title='bbox 815 3228 844 3271; x_wconf 90' lang='lat'><strong>11</strong></span> <span class='ocrx_word' id='word_1_160' title='bbox 873 3226 966 3273; x_wconf 86' lang='lat' dir='ltr'><strong>Pirusio</strong></span> 
     </span>
     <span class='ocr_line' id='line_1_34' title="bbox 222 3297 967 3357; baseline 0 -15"><span class='ocrx_word' id='word_1_161' title='bbox 222 3297 277 3342; x_wconf 76' lang='lat' dir='ltr'><strong>Tae.</strong></span> <span class='ocrx_word' id='word_1_162' title='bbox 343 3300 372 3344; x_wconf 80' lang='lat'><strong>12</strong></span> <span class='ocrx_word' id='word_1_163' title='bbox 402 3299 504 3354; x_wconf 86' lang='lat' dir='ltr'><strong>Petonal</strong></span> <span class='ocrx_word' id='word_1_164' title='bbox 525 3312 619 3357; x_wconf 81' lang='lat' dir='ltr'><strong>paeana</strong></span> <span class='ocrx_word' id='word_1_165' title='bbox 640 3297 668 3355; x_wconf 82' lang='lat' dir='ltr'><strong>C,</strong></span> <span class='ocrx_word' id='word_1_166' title='bbox 693 3298 799 3344; x_wconf 87' lang='lat' dir='ltr'><strong>betomia</strong></span> <span class='ocrx_word' id='word_1_167' title='bbox 818 3297 845 3354; x_wconf 80' lang='lat' dir='ltr'><strong>G,</strong></span> <span class='ocrx_word' id='word_1_168' title='bbox 872 3297 967 3343; x_wconf 84' lang='lat' dir='ltr'><strong>Vetana</strong></span> 
     </span>
     <span class='ocr_line' id='line_1_35' title="bbox 223 3367 967 3426; baseline 0 -13"><span class='ocrx_word' id='word_1_169' title='bbox 223 3368 286 3426; x_wconf 75' lang='lat' dir='ltr'><strong>Tala,</strong></span> <span class='ocrx_word' id='word_1_170' title='bbox 305 3384 366 3414; x_wconf 77' lang='lat' dir='ltr'><strong>arma</strong></span> <span class='ocrx_word' id='word_1_171' title='bbox 384 3369 490 3414; x_wconf 86' lang='lat' dir='ltr'><strong>Vettona</strong></span> <span class='ocrx_word' id='word_1_172' title='bbox 511 3371 558 3414; x_wconf 79' lang='lat' dir='ltr'><strong>aiae</strong></span> <span class='ocrx_word' id='word_1_173' title='bbox 575 3369 687 3415; x_wconf 84' lang='lat' dir='ltr'><strong>Bettona.</strong></span> <span class='ocrx_word' id='word_1_174' title='bbox 755 3369 785 3414; x_wconf 82' lang='lat'><strong>13</strong></span> <span class='ocrx_word' id='word_1_175' title='bbox 814 3367 893 3413; x_wconf 86' lang='lat' dir='ltr'><strong>Tuder</strong></span> <span class='ocrx_word' id='word_1_176' title='bbox 910 3369 967 3414; x_wconf 80' lang='lat' dir='ltr'><strong>editi</strong></span> 
     </span>
     <span class='ocr_line' id='line_1_36' title="bbox 219 3437 965 3498; baseline 0.001 -16"><span class='ocrx_word' id='word_1_177' title='bbox 219 3453 270 3483; x_wconf 86' lang='lat' dir='ltr'><strong>cam</strong></span> <span class='ocrx_word' id='word_1_178' title='bbox 286 3439 340 3485; x_wconf 82' lang='lat' dir='ltr'><strong>Tab.</strong></span> <span class='ocrx_word' id='word_1_179' title='bbox 365 3447 387 3485; x_wconf 82' lang='lat' dir='ltr'><strong>et</strong></span> <span class='ocrx_word' id='word_1_180' title='bbox 410 3437 476 3496; x_wconf 80' lang='lat' dir='ltr'><strong>aliia,</strong></span> <span class='ocrx_word' id='word_1_181' title='bbox 504 3440 583 3486; x_wconf 85' lang='lat' dir='ltr'><strong>Tuder</strong></span> <span class='ocrx_word' id='word_1_182' title='bbox 604 3453 665 3498; x_wconf 87' lang='lat' dir='ltr'><strong>quae</strong></span> <span class='ocrx_word' id='word_1_183' title='bbox 688 3445 712 3486; x_wconf 84' lang='lat' dir='ltr'><strong>et</strong></span> <span class='ocrx_word' id='word_1_184' title='bbox 728 3439 859 3486; x_wconf 84' lang='lat' dir='ltr'><strong>Tudertina</strong></span> <span class='ocrx_word' id='word_1_185' title='bbox 882 3439 965 3484; x_wconf 81' lang='lat' dir='ltr'><strong>Gaida.</strong></span> 
     </span>
    </p>
   </div>
   <div class='ocr_carea' id='block_1_7' title="bbox 767 3525 796 3563">
    <p class='ocr_par' dir='ltr' id='par_1_16' title="bbox 767 3525 796 3563">
     <span class='ocr_line' id='line_1_37' title="bbox 767 3525 796 3563; baseline 0.034 -1"><span class='ocrx_word' id='word_1_186' title='bbox 767 3525 796 3563; x_wconf 78' lang='lat'><strong>18</strong></span> 
     </span>
    </p>
   </div>
   <div class='ocr_carea' id='block_1_8' title="bbox 0 0 1284 4008">
    <p class='ocr_par' dir='ltr' id='par_1_17' title="bbox 0 0 1284 4008">
     <span class='ocr_line' id='line_1_38' title="bbox 0 0 1284 4008; baseline 0 7"><span class='ocrx_word' id='word_1_187' title='bbox 0 0 1284 4008; x_wconf 95' lang='lat' dir='ltr'><strong> </strong></span> 
     </span>
    </p>
   </div>
  </div>
 </body>
</html>
