2790 4196
369 569 421 622 1³6
1117 573 1186 620 1118

389 741 400 784 1
439 715 536 781 Nilus
568 717 652 782 infra
684 740 718 782 se
748 716 865 782 habere
892 716 1020 782 videtur
1048 719 1186 783 insulam

387 844 401 888 1
439 841 521 903 quae
549 818 666 886 dicitur
687 821 826 886 Meroin.
870 843 966 904 quem
987 820 1101 886 Nilum
1131 822 1184 886 ah'i

386 949 401 994 3
439 921 534 990 Geon
557 945 627 990 esse
650 923 810 990 dixerunt.

386 1052 401 1096 4
482 1027 513 1094 3.
559 1027 642 1094 Item
663 1029 754 1092 iuxta
770 1027 904 1092 limbum
918 1027 1043 1094 Oceani
1056 1031 1186 1115 ponitur

288 1205 292 1211 ,
387 1153 401 1198 5
438 1132 543 1216 patria
565 1154 646 1215 quae
672 1131 790 1196 dicitur
812 1131 986 1217 Aethiopia
1007 1130 1186 1198 Garaman-

387 1257 401 1302 e
437 1235 529 1317 tium,
552 1257 634 1319 quae
656 1244 688 1299 et
702 1234 847 1321 Asbyste
862 1233 990 1318 dicitur,
1013 1259 1094 1320 quae
1111 1258 1186 1302 con·

387 1361 401 1405 7
438 1339 543 1404 finalis
579 1325 688 1402 existit
720 1337 904 1424 praedictae
931 1339 1125 1426 Aethiopiae
1153 1349 1186 1404 et

387 1465 402 1509 8
438 1441 721 1528 Troglodytorum.
748 1443 782 1506 in
800 1440 1120 1526 quaGaramantium
1129 1467 1186 1530 pa-

387 1567 402 1612 s
438 1546 502 1610 tria
522 1569 586 1609 non
608 1545 704 1630 longe
718 1545 759 1610 ab
775 1544 908 1612 Oceano
922 1546 1039 1612 fluvius
1055 1545 1127 1612 Ger.
1138 1546 1186 1612 di-

370 1671 402 1717 10
438 1650 594 1716 latissime
610 1649 719 1713 em'rit.
763 1651 797 1714 in
812 1651 994 1735 quapatria
1008 1648 1186 1716 Garaman-

371 1775 401 1818 11
438 1754 520 1818 tium
542 1763 617 1818 sunt
644 1762 769 1818 montes
798 1755 854 1838 qui
875 1753 1057 1819 Nauvavon
1078 1755 1187 1840 appel·

332 1897 334 1900 ·
371 1878 402 1923 11
437 1858 555 1922 lantur.
599 1858 633 1922 in
656 1879 719 1940 qua
743 1859 849 1942 patria
869 1867 946 1930 sunt
966 1858 1075 1939 lacus,
1103 1880 1186 1923 unus

371 1981 402 2026 13
438 1962 494 2046 qui
516 1959 634 2026 dicitur
655 1961 773 2026 Lieum
795 1970 828 2026 et
848 1961 931 2026 alius
953 1961 1087 2048 Augita.
1131 1962 1186 2046 qui

371 2083 403 2128 14
438 2064 617 2151 Aethiopes
645 2089 741 2151 rupes
776 2065 932 2130 montium
958 2063 1104 2130 habitare
1131 2063 1187 2130 de·

371 2189 401 2235 11
439 2167 625 2235 scribuntur
656 2177 788 2256 propter
820 2168 1008 2234 immensam
1041 2191 1081 2234 ac
1107 2169 1187 2234 vali·

371 2293 402 2339 1e
440 2272 605 2338 dissimam
635 2294 790 2337 caumam.
842 2251 886 2336 eti
912 2272 1050 2336 frontem
1079 2281 1187 2349 autem

371 2397 402 2442 17
439 2374 583 2441 eiusdem
598 2373 842 2441 Garamantium
860 2377 982 2460 patriae
996 2386 1072 2441 sunt
1087 2375 1186 2458 arida,

371 2501 402 2546 ιε
438 2479 577 2562 deserta,
598 2487 761 2560 montana,
783 2501 864 2564 quae
880 2477 1032 2543 dicuntur
1045 2479 1188 2544 Marma·

441 2643 455 2688 1
474 2639 539 2688 nilus
556 2641 578 2687 B
597 2641 660 2688 editt.
715 2643 730 2688 3
744 2647 803 2700 poet
820 2641 934 2689 dixerunt
953 2639 972 2688 0
988 2641 1056 2687 addit
1068 2643 1098 2687 de
1110 2643 1186 2688 ethio·

439 2714 481 2773 pie
498 2713 674 2774 gemmantium
692 2726 738 2772 que
755 2717 780 2759 et
798 2713 895 2773 asbyste
914 2713 1010 2758 dicitur.
1082 2714 1097 2758 6
1126 2726 1187 2771 quae

439 2787 477 2841 etl
505 2785 547 2844 qai
565 2789 590 2830 et
608 2785 658 2842 AB,
687 2797 703 2842 q
724 2789 749 2830 et
773 2782 798 2830 C.
817 2784 827 2830 ΙΙ
844 2785 933 2830 eshiste
953 2782 981 2838 C,
1009 2783 1103 2842 Abysse
1122 2783 1185 2829 editi.

438 2853 557 2916 Asbystae
574 2855 691 2901 Herodoti
714 2860 736 2899 ct
758 2854 861 2900 alienam
882 2853 985 2913 confines
1002 2858 1057 2900 sent
1076 2852 1187 2914 Cyrenai-

439 2939 488 2972 cae.
518 2927 527 2972 ΙΙ
554 2930 628 2984 quae]
648 2926 690 2984 qui
707 2925 758 2970 ΑΒ.
813 2927 828 2970 7
848 2931 872 2970 et
890 2939 934 2970 om.
954 2925 1018 2971 editt.
1076 2924 1186 2984 strigli-

438 2997 543 3044 ditorum
553 2998 580 3054 A,
600 2995 779 3055 trigloditorum
787 2995 818 3052 B,
831 2995 1017 3055 triglodytorum
1028 2994 1051 3042 G.
1108 2995 1122 3040 1
1142 2995 1187 3041 dil·

437 3062 553 3114 latissime
582 3066 607 3114 C.
679 3067 709 3111 11
738 3079 866 3112 nauvanon
886 3064 914 3123 0,
944 3065 1124 3113 Naubsbonit
1144 3067 1185 3111 11.

441 3141 472 3184 11
491 3139 576 3184 Licum
595 3139 630 3193 etl
649 3135 730 3182 lacum
747 3141 773 3182 et
791 3135 815 3194 C,
835 3136 971 3196 Lycomede
990 3137 1054 3195 editt,
1078 3135 1187 3182 Licume-

440 3209 572 3256 111612.
599 3209 609 3254 1
634 3207 831 3267 Augitta613.
887 3206 918 3253 15
937 3209 1069 3254 inmensam
1087 3209 1116 3265 A,
1143 3208 1187 3252 im-

439 3293 521 3326 mensa
539 3280 602 3326 editi.
630 3278 639 3324 ΙΙ
665 3277 846 3325 vellidissimam
865 3276 889 3336 C,
917 3277 1067 3324 validissima
1083 3280 1105 3323 A
1123 3277 1186 3324 editi.

441 3352 473 3396 16
492 3365 577 3397 cauma
585 3347 632 3407 Ae,
643 3353 754 3396 caumate
762 3348 827 3394 editi.
840 3349 855 3400 1ΙΙ
872 3353 960 3405 autem]
969 3362 1026 3395 vero
1038 3348 1062 3396 G.
1102 3351 1132 3394 17
1145 3362 1188 3408 pa·

439 3421 508 3478 triae]
527 3422 605 3480 patria
617 3421 661 3467 ΑΒ
673 3420 738 3466 editi.
765 3419 775 3466 ΙΙ
800 3421 869 3475 sunt}
882 3425 918 3466 est
931 3420 1050 3466 ABcditi.
1101 3421 1132 3465 18
1152 3419 1187 3464 di·

440 3492 503 3538 citur
528 3493 572 3538 AB
598 3492 662 3539 editi.
693 3491 702 3537 ΙΙ
727 3490 891 3551 Mermerydes
911 3491 981 3546 editi,
1014 3483 1188 3560 Μαρμαρίδαι

440 3562 522 3608 Strat.
