2710 4004
204 421 286 458 amno
307 409 322 457 6
981 405 1035 460 453

223 577 237 623 1
273 555 339 619 iam
360 555 394 619 in
416 553 554 639 propriis
577 555 700 638 patrias
715 553 960 637 nominaverim,
982 563 1032 619 ta·

223 680 237 725 1
274 681 349 724 men
375 659 530 722 reiterans
555 654 686 723 Christo
716 659 846 723 favente
876 658 1031 724 minutius

223 784 237 831 s
275 761 465 849 designabo·

222 887 239 934 4
297 865 329 934 5.
374 865 470 931 Italia
481 864 603 930 habens
614 865 696 930 fines
709 864 749 930 ab
761 861 930 930 occidente
941 887 1034 930 mon-

223 990 238 1036 5
275 979 325 1035 tes
343 969 500 1050 excelsam
516 991 597 1052 quos
614 967 745 1053 quidam
756 969 892 1034 Titanos
909 967 1033 1049 dicunt,

224 1094 239 1140 c
276 1073 332 1138 alii
348 1071 450 1158 Alpes
471 1072 579 1138 Iovias
601 1073 779 1154 nominant,
800 1072 991 1158 incipientes
1015 1095 1034 1136 a

224 1197 238 1242 1
276 1178 358 1243 mari
386 1175 533 1259 Gallico,
560 1175 649 1260 quod
676 1185 709 1240 et
730 1175 919 1258 Tirmnum,
946 1174 1035 1241 haud

224 1301 240 1347 s
275 1280 372 1367 longe
401 1303 422 1344 a
451 1279 619 1365 praedicta
648 1279 778 1344 civitate
806 1278 1034 1366 Vigintimili0.

225 1407 240 1450 a
278 1385 334 1468 qui
355 1383 508 1448 videlicet
530 1391 656 1449 montes
686 1381 835 1448 dividunt
856 1384 941 1448 inter
961 1405 1037 1468 pro-

210 1509 241 1554 ιο
278 1488 418 1552 vinciam
433 1485 654 1572 Septimanam
669 1497 702 1551 et
713 1486 852 1568 Italiam,
868 1487 952 1551 inter
970 1486 1036 1552 Re·

118 1674 122 1684 ⁸
210 1611 241 1656 11
278 1592 384 1656 tianos
401 1599 433 1654 et
447 1590 586 1672 Italiam,
608 1591 693 1654 inter
704 1587 904 1655 Carantanos
921 1597 954 1654 et
968 1589 1036 1656 Ita-

210 1715 242 1761 12
279 1693 367 1776 liam,
383 1693 468 1757 inter
481 1693 619 1778 patriam
632 1690 834 1758 Carnuntum
850 1702 882 1758 et
897 1692 1036 1776 Italiam,

166 1792 170 1798 ’
211 1819 243 1865 13
281 1796 369 1881 quud
399 1798 511 1882 iugum
535 1794 676 1862 Carnich
705 1797 746 1863 ab
770 1798 911 1881 antiquis
933 1797 1036 1882 Alpes

212 1923 244 1970 14
279 1900 381 1966 Iuliae
403 1898 602 1982 dicebantur,
617 1902 736 1985 quique
753 1901 849 1965 etiam
865 1901 924 1965 tali
940 1899 1037 1965 modo

212 2026 243 2073 15
282 2004 468 2070 claudentes
492 2003 620 2068 Italiam
643 2003 844 2070 descendunt
867 2003 909 2068 ad
932 2005 1038 2070 sinum

212 2129 243 2176 16
281 2109 378 2174 maris
388 2107 551 2173 Adriatici
565 2129 630 2172 non
644 2109 741 2195 longe
758 2131 777 2173 a
793 2108 923 2174 civitate
935 2107 1038 2172 Thar-

205 2213 243 2278 ir
282 2214 384 2278 satico
406 2212 591 2299 provinciae
606 2211 783 2278 Liburniae
804 2213 839 2276 in
853 2211 961 2278 locum
983 2211 1039 2296 qui

212 2336 244 2382 18
283 2315 402 2384 dicitur
424 2317 542 2382 Fanas.

214 2438 245 2482 19
305 2419 336 2487 t.
383 2421 416 2486 A
432 2418 574 2486 secundo
588 2419 689 2484 latere
705 2429 755 2486 est
765 2419 879 2486 Italiae
892 2419 967 2487 finis
981 2441 1040 2505 per

319 2643 411 2690 codices
431 2641 505 2704 hsmr.
584 2642 619 2706 cs.
628 2644 689 2690 Rev.
699 2643 751 2690 325
771 2645 804 2692 10
816 2659 852 2706 aq.
872 2644 923 2690 292
943 2645 1003 2704 laq.

286 2752 297 2795 1
326 2747 522 2810 nominaveras.
604 2750 618 2794 2
647 2749 762 2797 christum
774 2748 800 2812 s.
837 2750 847 2798 ΙΙ
881 2749 1001 2798 minucius
1011 2748 1038 2811 f.

285 2822 299 2867 3
328 2820 473 2879 dessignabo
497 2834 528 2866 m.
573 2817 583 2867 ii
622 2826 680 2879 port
698 2822 829 2882 designabo
842 2820 864 2882 f
879 2821 953 2867 rubro
972 2821 1040 2868 addit

283 2892 361 2951 prima
378 2891 433 2936 finis
450 2890 533 2950 ytalia,
552 2905 576 2937 m
594 2891 663 2937 addit
680 2891 798 2939 ITALIA.
854 2895 868 2938 4
888 2892 972 2949 ltalia]
990 2892 1039 2937 Ra·

283 2977 351 3008 aerm.
364 2961 417 3007 292
435 2961 499 3021 deq.
581 2963 597 3007 4
624 2961 702 3022 ytalia
719 2977 741 3009 r.
822 2965 836 3010 b
864 2969 962 3023 tytanos
974 2961 1038 3023 smr.

286 3034 300 3080 6
329 3032 407 3078 ionias
434 3047 479 3078 mr.
516 3033 526 3079 ll
561 3032 691 3096 incipiente
719 3032 754 3095 bs.
822 3036 836 3080 7
864 3035 967 3080 tirenum
993 3047 1038 3089 mr,

285 3103 428 3164 tyrrhenum
456 3103 478 3149 b.
514 3103 524 3150 ΙΙ
557 3104 618 3150 haut
644 3101 680 3164 bs.
761 3106 776 3151 8
804 3105 929 3164 praedicta
954 3118 999 3150 cm.
1013 3101 1041 3164 s.

288 3176 319 3220 10
338 3173 441 3234 ytaliam
458 3190 496 3220 mr
514 3173 552 3221 bic
570 3181 593 3220 ct
610 3173 686 3235 infra.
714 3173 724 3220 11
748 3176 858 3222 racianos
871 3173 896 3235 f.
953 3176 983 3220 11
1004 3174 1040 3220 in·

286 3251 322 3292 ter
341 3243 490 3292 carantanos
509 3251 533 3292 at
551 3245 647 3292 Italiam
666 3259 711 3291 om.
729 3261 750 3292 r.
818 3247 850 3292 12
879 3245 1040 3302 Carnuntum}

286 3323 311 3363 et
329 3320 472 3362 carnuntum
483 3314 509 3376 s.
586 3317 616 3362 16
646 3317 736 3363 adriaci
755 3331 800 3363 mr.
874 3318 905 3363 18
933 3317 1002 3364 ionas
1014 3313 1040 3376 s.

289 3389 319 3434 19
349 3389 371 3433 A
390 3401 435 3432 om.
448 3385 474 3447 f.
