2710 4004
306 371 359 426 468
995 389 1078 426 uerno
1098 379 1130 426 28

326 544 338 588 1
377 519 662 607 stantinopolitana
676 521 792 588 missos
811 522 1013 607 susciperent
1028 531 1060 588 et
1075 521 1131 588 de-

324 645 340 692 e
374 633 450 690 vote
472 625 619 690 orientali
642 625 733 690 aulae
757 634 813 690 aut
835 625 1025 709 antiquitus,
1052 625 1130 692 dum

324 748 338 793 a
375 727 666 816 [longobardorum
688 751 768 815 gens
790 728 900 794 divina
920 729 1130 815 permissione

324 849 341 896 4
376 831 505 896 Italiam
527 832 727 914 infestarent,
749 843 907 918 parerent.

324 956 339 1003 o
410 934 464 1004 28.
509 935 639 1000 Dehinc
649 935 727 1000 urbs
739 935 847 1002 Liotia
857 934 1023 1002 Idomenei
1033 937 1130 1024 regis,

325 1061 339 1107 e
379 1039 419 1104 de
443 1062 508 1124 qua
522 1038 679 1125 Virgilius

325 1165 340 1211 t
486 1152 519 1208 et
534 1141 718 1208 Salentinos
740 1141 869 1208 obsedit
883 1143 985 1208 milite
1000 1164 1131 1230 campos

325 1268 340 1313 s
487 1246 614 1311 Liotius
636 1245 840 1311 Idomeneus.

325 1369 341 1417 9
421 1351 474 1415 De
497 1350 559 1414 hac
580 1349 742 1414 theatrum
760 1349 995 1433 tautummodo,
1017 1352 1131 1418 ceteris
1204 1415 1206 1418 .

310 1476 341 1520 ιο
378 1453 547 1519 moenibus
570 1453 639 1518 solo
668 1454 870 1538 coaequatis,
898 1453 975 1520 olim
998 1454 1132 1520 solemni

310 1577 340 1622 11
379 1555 487 1624 studio
511 1555 676 1622 conditum
691 1567 802 1622 restat.
847 1558 881 1622 in
897 1557 989 1623 cuius
1004 1558 1069 1622 iam
1083 1559 1133 1624 in-

310 1682 341 1728 12
380 1661 469 1726 oolee
497 1683 633 1746 parvum
660 1683 742 1745 pene
770 1661 897 1747 lapsum
923 1662 1133 1748 municipium

310 1788 341 1834 re
379 1765 508 1831 sibimet
537 1762 625 1849 quod
653 1787 770 1830 nomen
799 1766 968 1848 antiquum
989 1775 1133 1831 reservat

309 1895 343 1940 14
377 1869 483 1943 fecere
499 1868 648 1949 culmine,
671 1867 759 1952 quod
772 1869 910 1955 figuram
925 1869 1028 1956 magis
1043 1868 1132 1935 urbis

311 1997 342 2044 re
380 1994 477 2057 quam
499 1970 634 2036 eandem
656 1969 769 2036 urbem
784 1973 944 2057 exprimit.
988 1973 1022 2038 in
1036 1973 1132 2038 huius

311 2102 342 2147 re
380 2075 573 2141 suburbanis
607 2085 815 2140 monumenta
847 2077 1052 2160 antiquorum
1084 2077 1133 2141 in-

310 2207 343 2252 17
379 2201 513 2244 numera
534 2178 593 2244 sub
617 2178 692 2243 divo
715 2181 861 2264 exposita
882 2179 986 2246 solido
1006 2181 1134 2266 sculpta

311 2311 342 2356 18
382 2291 557 2348 cernuntur
578 2281 695 2367 lapide.

311 2415 343 2460 19
425 2383 488 2450 Oui
505 2386 678 2451 coniuncta
692 2387 806 2452 civitas
817 2385 912 2475 Ruge
922 2387 1132 2476 dignoscitur.

311 2517 343 2562 20
382 2489 422 2555 ab
446 2490 509 2555 hac
532 2512 634 2573 usque
657 2489 853 2573 Ydrontum,
882 2513 963 2576 quae
985 2493 1019 2557 iu
1039 2492 1133 2558 litore

416 2629 508 2676 codices
527 2627 599 2690 bsmr.
883 2629 917 2692 cf.
929 2631 988 2677 Rau.
1002 2629 1054 2675 2⁶2
1072 2631 1097 2675 1.

331 2713 333 2718 ¹
380 2725 395 2770 2
420 2727 474 2781 aut}
493 2737 549 2769 auru
567 2730 601 2782 ut,
621 2741 652 2772 uu
670 2726 839 2786 superpendat
893 2727 908 2772 8
937 2723 1132 2785 promissiones.

380 2798 397 2840 4
418 2795 520 2855 ytaliam
540 2793 563 2855 f
582 2797 653 2842 etiam
676 2795 752 2856 infra.
819 2798 832 2843 ὁ
861 2796 953 2852 Lietia]
973 2795 1029 2842 aliis
1047 2796 1132 2855 Lupia,

313 2909 315 2916 ,
379 2879 442 2911 auec
460 2866 544 2912 Leece.
572 2866 582 2912 ll
607 2868 735 2926 ydomenel
757 2883 787 2912 m.
847 2869 861 2913 6
889 2867 1019 2926 Virgilius]
1037 2866 1133 2914 Aeaeid.

487 3008 521 3053 Et
539 3006 684 3055 Sallentinos
704 3009 798 3054 obsedit
815 3007 891 3054 milite
911 3022 1008 3068 campos

488 3079 589 3139 Lyctius
607 3079 757 3125 Idomeneus.

383 3149 522 3206 8Lictiusl
540 3149 602 3196 licus
614 3148 640 3210 f.
677 3151 687 3196 ΙΙ
721 3151 868 3210 ydomeneus
880 3147 943 3209 surr.
1006 3151 1036 3196 10
1060 3152 1135 3196 meni-

382 3221 427 3266 bus
444 3219 516 3280 bsrnr.
540 3221 550 3266 ll
574 3235 694 3278 coequans
711 3218 732 3278 f.
752 3221 761 3266 ll
787 3220 880 3266 solenni
891 3218 917 3280 f.
975 3223 1005 3268 13
1025 3221 1134 3278 sibimet]

383 3291 468 3337 sibinri
490 3291 512 3337 t.
543 3292 553 3338 ll
579 3291 677 3350 antique
701 3292 759 3337 ὄπιν.
836 3293 865 3336 19
894 3292 957 3351 buge
975 3290 1001 3352 f.
1032 3293 1042 3338 ll
1067 3293 1135 3338 dino-

384 3363 458 3408 scitur
477 3360 511 3421 bf.
567 3363 598 3407 20
626 3363 766 3421 ydrotytum
786 3363 807 3418 b,
835 3361 938 3421 ofilius.
953 3362 1005 3408 262
1024 3363 1047 3408 2.
