2562 3996
258 383 310 438 47⁰
950 401 1031 435 crrno
1049 389 1082 436 30

278 555 291 599 1
480 532 694 598 Mesochorus
756 615 758 620 Α

278 659 292 704 a
480 637 701 722 Metapontus,
716 636 952 723 fulgentissima
966 660 1005 703 ac
1018 639 1081 702 fer-

278 761 292 808 1
330 740 396 806 tilis
419 749 515 824 atque
538 739 705 806 nobilitate
724 740 872 826 insignis,
894 741 928 804 in
944 763 1007 824 qua
1022 739 1081 808 Sa·

277 867 292 910 4
329 843 412 909 mins
428 845 582 931 Pitagora
595 844 807 930 philosophus
827 852 902 929 post
917 867 1080 910 secessum

278 970 291 1015 1
330 945 471 1013 Crotone
494 947 607 1035 deguit
633 949 939 1033 peripateticamque
961 947 1080 1013 doctri-

278 1073 292 1119 1
329 1075 403 1116 nam
426 1051 619 1135 sequacibus
641 1051 785 1116 tradidit.
836 1051 931 1116 huius
954 1052 1080 1116 moenia

278 1177 292 1223 1
329 1153 393 1220 duo
408 1155 521 1242 irrigui
536 1178 575 1220 ac
585 1155 792 1241 pulcherrimi
802 1178 912 1220 amnes
923 1155 1079 1237 ambiunt,

277 1280 291 1326 1
328 1257 442 1324 dextra
451 1260 606 1343 laevaque
617 1260 698 1324 mari
707 1259 877 1326 influentes
887 1259 1079 1342 vastissime,

277 1382 291 1428 a
327 1361 496 1428 Bradanus
530 1361 769 1445 amenissima,
803 1364 858 1448 qui
891 1371 923 1428 et
951 1362 1079 1428 Tardus

261 1487 291 1532 10
327 1474 460 1552 propter
473 1466 619 1532 sinuosos
631 1465 725 1532 orbes
737 1469 788 1532 sui
801 1466 977 1548 discursus,
992 1466 1078 1530 unde

261 1589 290 1635 11
328 1579 361 1634 et
381 1569 541 1634 Bradincs
564 1591 679 1656 graece
701 1569 830 1652 dicitur,
853 1579 885 1635 et
906 1570 1078 1634 Basentius

260 1693 293 1740 11
329 1671 453 1738 defluus
477 1683 510 1738 et
532 1674 619 1759 omni
641 1675 800 1761 gravitate
814 1673 984 1756 fecundus,
1004 1696 1079 1760 pro-

260 1799 291 1846 11
327 1785 399 1862 pter
421 1776 508 1862 quod
529 1798 645 1864 graece
659 1777 811 1844 Basintos
834 1778 925 1862 quasi
940 1776 1078 1843 badizon

260 1903 291 1949 14
328 1883 484 1946 sintomos
508 1881 696 1966 appellatur.

260 2005 290 2052 1c
359 1983 413 2052 30.
457 1985 587 2072 Dehinc
609 1985 722 2050 civitas
745 1994 795 2050 est
816 1984 978 2050 Heraclea

259 2111 290 2156 16
477 2087 635 2156 Senasum
718 2113 723 2118 ·

259 2216 289 2260 17
476 2193 590 2258 Turris

259 2317 289 2362 ra
476 2295 580 2360 Pellia

259 2423 289 2468 11
477 2395 620 2464 Crotona

257 2525 289 2570 1ο
475 2503 652 2568 Facenium

256 2625 287 2674 11
478 2606 654 2672 Hannibal.

360 2767 452 2815 codices
470 2767 543 2829 bfmr.
770 2767 803 2831 cs.
815 2771 875 2816 Rau.
889 2770 941 2816 262
960 2771 993 2816 10
1004 2785 1038 2831 sq.

327 2877 337 2921 1
360 2876 496 2922 mesodonis
508 2889 553 2920 mr.
591 2877 606 2922 3
625 2878 732 2924 samnius
744 2891 789 2934 mr,
802 2876 931 2937 sammisf,
951 2877 1040 2924 1111111
1052 2877 1073 2922 b.

324 2949 339 2992 4
359 2946 488 3006 phitagcra
506 2943 541 3005 bf,
559 2947 684 3006 pictngora
695 2963 740 2992 mr.
791 2947 804 2992 5
824 2948 1036 3006 parypaticamque
1048 2946 1073 3008 f,

323 3017 527 3076 paripaticamque
546 3017 568 3062 b.
624 3019 638 3063 6
666 3019 746 3064 menia
768 3014 840 3077 bfmr.
895 3020 909 3064 9
938 3018 1074 3075 Bradanus]

323 3089 448 3134 etiamnum
460 3087 580 3134 Bradanc.
631 3090 661 3134 ll
681 3089 793 3135 bradmos
810 3103 841 3134 m.
868 3089 878 3134 ΙΙ
897 3089 1037 3136 bassacium
1048 3087 1074 3148 f,

323 3157 392 3204 bodie
410 3159 532 3206 Basiento.
588 3160 619 3206 18
639 3159 751 3204 Rasintcs
770 3157 842 3218 bfmr.
870 3159 879 3205 ΙΙ
903 3159 1010 3205 badiaon
1027 3160 1075 3204 sin-

262 3247 272 3265 x
324 3233 413 3285 tomos]
437 3223 558 3293 βαδίζων
581 3223 718 3281 συντόνως
737 3232 905 3290 potiusquam
926 3224 1073 3294 συντόμως.

326 3301 355 3344 16
375 3313 510 3346 sancrasum
522 3298 548 3358 f,
576 3299 808 3360 cs-Raa26213.
863 3301 895 3364 20
923 3301 1034 3346 succuum
1052 3301 1074 3346 b.

324 3369 353 3414 21
376 3369 475 3416 hanibal
493 3385 537 3414 rur.
