2790 4196
241 450 276 497 IV
295 451 309 496 3
855 473 859 481 ·
1004 445 1054 498 171

260 618 271 661 1
309 593 371 658 lius
393 593 548 658 Livunius
571 591 781 678 philosophus
807 575 945 657 vidinam
966 593 1056 678 polu·

258 721 272 765 n
310 695 359 762 dis
382 695 567 762 Maeotidae
596 695 788 761 summitatis
810 717 880 760 esse
903 695 1055 777 decernit,

258 824 272 868 e
309 799 461 864 adserens
485 798 723 864 multitudinem
751 800 888 884 piscium
917 823 956 863 ex
978 800 1056 864 vici-

257 927 273 971 4
309 901 461 968 nantibus
489 901 570 966 locis
593 901 728 984 habere,
756 902 814 967 sed
841 912 878 966 ut
900 901 1055 966 barbarus

258 1029 271 1074 5
309 1029 378 1072 mos
402 1014 461 1086 est,
484 1005 605 1070 insulse
628 1028 682 1070 eos
705 1007 876 1090 perfruere.

258 1136 272 1179 o
342 1109 373 1176 3.
429 1107 513 1172 Item
545 1109 650 1193 putria
681 1109 817 1174 Licania
848 1110 1055 1176 Bosforuniae

259 1239 272 1282 7
309 1214 399 1278 iuxta
421 1235 508 1275 mare
530 1211 703 1276 Ponticum
727 1213 842 1298 posita.
888 1215 978 1280 ouius
1000 1238 1057 1300 pa-

258 1341 272 1386 s
309 1317 391 1380 triae
413 1315 567 1400 plurimos
592 1314 806 1400 descriptores
834 1317 988 1404 legimus,
1018 1341 1058 1382 ex

258 1445 272 1488 9
310 1418 426 1503 quibus
449 1417 713 1483 nefandissimum
727 1419 951 1506 Porphyrium,
974 1420 1058 1485 Inm-

242 1547 272 1592 10
310 1521 465 1603 blichum‚
487 1520 670 1602 Livcnium,
699 1519 897 1593 Graecorum
918 1525 1058 1610 philoso-

242 1650 272 1694 11
309 1627 401 1712 phos,
424 1624 483 1690 sed
505 1634 537 1689 ct
552 1624 755 1690 Arbitionem
778 1637 811 1692 et
824 1627 996 1692 Lolianum
1011 1636 1058 1692 et-

242 1753 272 1797 12
311 1752 372 1814 que
396 1727 578 1794 Castorium
600 1728 819 1794 Romanorum
840 1731 1057 1816 philosophos.

198 1858 199 1861 ’
242 1857 272 1902 13
310 1833 369 1898 sed
392 1857 452 1919 ego
481 1832 658 1896 secundum
686 1835 866 1917 praefatum
886 1834 1058 1900 Livanium

241 1959 273 2004 14
309 1937 441 2001 inferius
471 1934 575 2000 dictas
605 1937 751 2002 civitates
773 1934 981 2002 Bosforaniae
1002 1961 1058 2022 pu-

312 2157 448 2206 llinumus
466 2159 495 2204 A.
523 2157 532 2203 ll
557 2157 638 2204 vicina
654 2159 706 2204 AB.
734 2158 744 2205 ΙΙ
769 2158 853 2218 paludi
872 2157 896 2205 0.
961 2161 1058 2206 imec-

309 2227 420 2275 tideBO.
448 2229 458 2274 ll
483 2227 685 2276 sumitutisABC'.
709 2229 719 2275 ll
739 2231 869 2276 decernunt
881 2229 931 2274 AB.
986 2232 1000 2276 3
1020 2244 1058 2276 ss-

309 2313 388 2346 serens
407 2298 426 2346 G
442 2299 507 2345 editi.
534 2299 544 2346 ll
569 2300 671 2358 piscium
684 2315 727 2346 om.
740 2301 839 2346 Reddi.
866 2300 876 2346 ΙΙ
900 2301 1057 2347 vicinantium

308 2371 416 2416 locorum
433 2371 477 2416 AB
495 2370 559 2416 editi.
615 2371 628 2415 l)
649 2371 744 2427 insulse}
764 2371 840 2417 insule
859 2371 908 2428 AB,
928 2370 1013 2418 insulis
1032 2371 1055 2428 C,

309 2439 401 2487 insulae
424 2441 488 2487 editi.
517 2441 526 2486 ΙΙ
548 2445 606 2498 post
624 2443 743 2499 perfruere
767 2443 789 2487 B
813 2441 868 2488 cdd.
892 2442 926 2499 X,
956 2441 1058 2489 Gaddir

310 2513 339 2558 de
365 2511 454 2558 licente
481 2511 616 2558 bosforsnie
644 2513 714 2559 iuxta
736 2526 800 2569 mare
823 2513 948 2571 ponticum
970 2515 1056 2571 positu.

311 2584 325 2629 6
344 2582 513 2638 Bosforunisel
532 2581 648 2642 p’sorugie
667 2585 695 2642 (ι’.
708 2597 727 2629 e.
746 2582 905 2643 postferugie)
919 2583 946 2639 A,
965 2597 1010 2641 pus
1022 2585 1058 2630 io-

309 2653 375 2712 rugie
387 2654 417 2710 B,
437 2653 563 2700 Bosforuni
576 2652 639 2709 rau,
660 2656 839 2723 Βοσπορανοί
847 2653 911 2700 Ptol.
962 2656 975 2700 7
995 2655 1058 2701 Pon-

309 2725 392 2780 ticum]
405 2727 466 2782 potu
478 2725 507 2769 B.
557 2724 570 2768 9
590 2725 811 2782 nephandissimum
825 2724 849 2781 C,
866 2725 975 2770 nefandis
987 2726 1056 2782 sitB,

308 2795 419 2840 nefandis
437 2800 464 2840 ut
481 2796 510 2851 A,
537 2795 654 2840 nefandus
672 2796 703 2841 sit
722 2795 785 2853 editi,
818 2794 852 2856 cf.
862 2796 876 2839 I
880 2795 901 2840 V
915 2795 939 2840 5.
968 2795 977 2840 ΙΙ
1003 2810 1058 2855 por·

308 2865 414 2924 phirium
426 2865 473 2924 Ac,
492 2865 630 2924 Porphirius
648 2865 713 2912 editi.
740 2867 749 2912 ΙΙ
773 2865 917 2913 lamblichus
928 2866 979 2924 AB,
998 2866 1058 2912 lum-

310 2935 418 2982 blichum
437 2936 461 2995 C,
490 2935 637 2982 lamblichus
656 2937 721 2982 editi.
777 2939 808 2983 10
836 2936 933 2982 luvinnd
950 2937 1001 2993 AB,
1029 2937 1058 2982 li-

310 3021 399 3053 nunum
428 3006 456 3065 C,
489 3007 604 3053 Livcnius
631 3007 695 3052 editi.
727 3007 736 3052 ll
761 3007 919 3066 philosophus
945 3009 965 3053 A
993 3007 1057 3064 editi,

310 3077 477 3138 phylosophus
495 3079 526 3123 B.
596 3079 625 3122 11
655 3083 744 3136 etpost
755 3079 797 3124 sed
815 3092 859 3122 om.
870 3077 900 3122 B.
928 3077 937 3122 ΙΙ
962 3077 1057 3124 Arbitio

310 3149 375 3194 editi.
405 3149 499 3196 Arbitio
511 3155 534 3194 ct
545 3147 672 3194 Lollianus
684 3146 791 3193 consules
809 3149 866 3193 acui
882 3147 934 3193 355
947 3163 975 3207 p.
989 3148 1058 3206 Chr-,-

310 3217 344 3279 of.
353 3221 389 3266 Io.
399 3221 471 3279 Bapt.
482 3221 511 3266 de
519 3220 596 3276 Rosci,
617 3217 731 3263 Giornale
740 3218 858 3264 Arcadico
879 3219 923 3265 T.1
927 3219 960 3265 24
979 3221 1057 3267 1851.

310 3289 320 3335 ll
333 3289 448 3337 Lolisnus
466 3291 530 3336 editi.
587 3291 618 3334 12
639 3288 762 3335 castorius
774 3289 838 3335 editi.
865 3290 875 3334 ll
900 3291 1058 3351 philosophus

311 3361 375 3408 editi.
431 3363 461 3407 13
481 3361 603 3407 larianum
621 3361 649 3406 A.
706 3360 738 3406 14
761 3361 897 3406 bosforunie
915 3365 991 3422 patrie
1010 3361 1057 3420 AG,

311 3446 355 3478 om.
373 3434 403 3478 Β.
978 3432 981 3439 ’
