2578 4008
1040 455 1076 503 IV
1095 458 1127 504 88

524 600 675 668 Fidentia

525 706 608 772 Iulia
648 704 849 790 Chrisopolis
889 728 970 790 quae
1013 705 1130 771 dieitur

524 914 684 978 Beoillum

525 1017 708 1082 Tannetum

523 1119 685 1204 Lepidum
707 1121 830 1206 regium

524 1222 655 1287 Mutina
731 1307 733 1316 .
801 1209 803 1213 ¹

524 1327 646 1392 Forum
669 1325 837 1392 Gallorum

523 1431 671 1495 Bononia

525 1531 713 1599 Cluturnum

524 1636 610 1702 Foro
634 1635 733 1702 Cerili

522 1740 681 1807 Faventia

523 1844 646 1910 Forum
667 1846 744 1911 Livi

522 1949 645 2014 Forum
667 1951 794 2035 Populi,
819 1962 851 2015 et
874 1950 1012 2036 desuper

523 2053 659 2118 Besania

375 2246 387 2287 1
412 2243 523 2290 Fidentia
541 2246 611 2289 etiam
629 2249 684 2290 Ant.
705 2252 727 2291 et
744 2246 808 2302 Tnb„
829 2245 909 2290 fidens
928 2244 955 2290 G.
1012 2245 1026 2288 2
1050 2246 1127 2303 griso-

372 2313 435 2371 polis
453 2315 486 2371 A,
519 2315 646 2374 chrispolis
665 2316 699 2374 Β,
732 2314 859 2374 crisopolis
880 2313 908 2374 0,
942 2314 1073 2372 chisopolis
1098 2315 1124 2372 G,

372 2383 529 2444 Chrysopolis
541 2386 606 2431 editi.
634 2388 643 2432 ll
670 2387 771 2442 dicitur}
785 2391 821 2431 unt
834 2385 877 2430 AB
889 2385 954 2431 editi.
1006 2385 1127 2432 3Purmu

372 2457 442 2500 etiam
466 2456 531 2512 Ant,
559 2457 637 2503 Fama
665 2458 720 2504 Tnb.
794 2459 809 2502 4
837 2455 967 2512 Bucilluml
992 2456 1126 2502 Brexillum

371 2525 461 2572 Panem
479 2526 559 2584 Dian,
587 2528 722 2574 Brixellum
741 2526 797 2583 alii,·
825 2527 900 2572 (luido
923 2529 958 2572 ita
982 2525 1046 2572 Iulin
1069 2527 1126 2572 Chi-

371 2597 463 2656 sopolis
482 2611 542 2655 quae
561 2605 585 2644 et
597 2599 682 2645 Pnrmu
694 2613 737 2644 seu
748 2597 865 2643 vexillum
878 2598 974 2644 dicitur.
1029 2599 1043 2644 5
1063 2599 1127 2644 Tan·

371 2673 453 2714 netum
476 2671 547 2714 etiam
567 2670 586 2714 G
609 2685 660 2715 cnm
679 2671 734 2715 Ant.
759 2675 782 2714 et
802 2668 866 2725 Tan,
894 2674 1002 2716 tanetum
1020 2670 1042 2713 Β
1062 2669 1126 2714 editi.

373 2741 387 2783 6
415 2739 534 2798 Lepidum
557 2742 661 2800 regium]
685 2739 846 2798 Lepidoregin
872 2740 936 2798 Tul„
970 2740 1047 2800 Regio
1069 2740 1125 2786 Ant.

373 2811 386 2854 7
406 2810 501 2856 Mutina
513 2813 583 2856 etiam
592 2813 648 2856 Ant.
661 2817 684 2856 et
697 2811 760 2867 Tan,
779 2810 878 2856 Mutena
889 2811 982 2856 Hieron.
1029 2811 1044 2856 8
1063 2810 1125 2855 Foro

372 2879 497 2927 Gallorum
528 2881 583 2927 Tnb.
663 2883 677 2928 9
710 2881 820 2928 Bononia
849 2883 918 2926 etiam
937 2883 992 2927 Ant.
1020 2888 1043 2927 et
1070 2881 1126 2926 Tul.

374 2953 404 2996 10
433 2951 547 2998 Claterno
564 2953 669 3010 Hieron,
697 2951 811 2998 Claterna
828 2953 884 2997 Ant.
900 2952 955 2998 Tab.
1013 2954 1042 2997 11
1072 2953 1126 2997 foro

371 3024 436 3068 cerdi
457 3022 481 3080 0,
500 3023 562 3068 Foro
573 3022 670 3068 Comeli
689 3023 747 3068 editi
763 3030 790 3068 nt
808 3025 863 3068 Ant.
883 3029 905 3068 et
921 3023 985 3079 Tab„
1008 3024 1055 3068 fori
1074 3037 1126 3068 cor-

371 3093 429 3138 nelii
444 3094 471 3138 G.
527 3095 559 3138 12
578 3094 694 3140 Faventia
706 3095 776 3140 etiam
788 3095 843 3139 Ant.
858 3100 880 3138 et
893 3094 956 3151 Tul„
977 3095 1087 3140 faventin
1101 3091 1124 3138 C.

374 3166 404 3210 13
432 3165 508 3210 forem
528 3163 552 3210 0.
580 3165 590 3210 ll
616 3165 671 3210 Livi
690 3167 760 3212 etium
776 3168 832 3209 Ant.
851 3165 946 3210 Hieros.
968 3165 1032 3220 Tul„
1060 3164 1125 3210 Liuii

373 3235 456 3290 Guidn
476 3234 521 3281 vili
539 3235 567 3292 A,
587 3234 638 3280 mlii
657 3237 687 3294 B,
707 3235 751 3282 iuli
771 3234 795 3292 C,
818 3235 874 3281 Iulii
892 3236 956 3282 edin.
1014 3237 1045 3280 14
1063 3235 1125 3280 Foro

371 3305 457 3364 Populi
476 3305 571 3351 Hieros.
591 3313 613 3352 et
629 3307 693 3364 Tab„
712 3309 789 3354 forum
809 3305 896 3366 popilii
916 3307 969 3363 Gn,
988 3319 1050 3351 nuno
1067 3306 1125 3351 For-

371 3375 507 3434 limpopoli.
565 3377 595 3423 15
615 3378 724 3436 Belnninl
737 3393 799 3424 nnnc
809 3379 907 3424 Bevnnn
915 3381 979 3424 nicus
990 3379 1052 3422 inter
1061 3374 1125 3422 Fnrll

373 3453 394 3489 et
413 3445 508 3492 Cervia.
