2872 4210
235 341 288 388 rs
532 307 555 371 .'
1034 334 1068 390 19

259 509 270 552 1
310 505 464 570 sponsum
486 480 589 547 isdem
611 480 798 546 Alexander
828 479 915 564 quod
942 482 1068 548 infinita

257 611 271 654 a
310 587 397 673 apud
418 587 574 651 humanos
597 606 728 671 gressus
751 585 807 648 illa
822 585 976 650 existeret
999 607 1067 650 ere-

256 713 271 758 a
310 711 392 772 mus,
422 699 454 754 et
484 688 557 754 ideo
581 688 673 772 quasi
695 687 737 752 ad
765 689 895 773 propria
923 709 1067 753 remean-

255 817 272 860 4
310 793 388 859 dum
410 794 480 879 ipse
502 791 744 880 regrediebatur
767 789 964 856 Alexander.
1007 791 1066 857 sed

256 920 271 966 5
311 907 344 962 et
372 899 405 962 in
433 895 547 962 eodem
575 896 658 962 libro
690 893 886 976 Alexandri,
919 894 997 960 dum
1026 895 1066 960 de

257 1023 271 1066 s
310 999 506 1066 Macedonia
528 1001 658 1087 propria
680 999 781 1065 movit
796 999 901 1083 patria
914 999 1067 1066 Darium-

257 1125 271 1169 7
311 1127 373 1188 que
396 1127 506 1192 regem
520 1103 694 1169 Persarum
716 1103 848 1184 oceidit,
872 1102 988 1168 deinde
1002 1104 1067 1168 Po·

256 1229 271 1274 8
310 1229 382 1272 rum
395 1231 505 1295 regem
516 1207 677 1274 interfecit
688 1205 854 1288 Indorum,
869 1207 1066 1273 nullomodo

256 1333 270 1377 a
308 1311 471 1376 invenitur
486 1311 573 1395 quod
587 1309 774 1376 Alexander
788 1333 876 1376 mare
897 1313 1067 1377 transisset

238 1435 270 1480 10
309 1424 342 1478 et
357 1415 405 1480 sic
419 1436 522 1499 usque
537 1415 571 1480 in
587 1437 728 1479 eremum
744 1437 827 1498 quae
842 1424 892 1480 est
907 1424 996 1480 trans
1016 1424 1066 1480 to-

240 1539 269 1582 11
309 1526 377 1582 tam
393 1515 520 1583 Indiam
531 1517 798 1604 perambrdasset,
815 1517 873 1583 sed
884 1519 988 1606 magis
999 1528 1066 1584 tam

240 1643 270 1688 12
308 1621 379 1706 ipse
406 1621 593 1686 Alexander
622 1644 782 1708 quamque
817 1623 886 1688 eius
920 1621 1065 1688 infinitus

239 1749 270 1794 13
309 1726 468 1792 exercitus
497 1726 622 1810 equites
650 1725 817 1811 pedestres
856 1747 929 1790 eum
961 1727 1064 1792 vectis

239 1856 271 1900 14
308 1828 424 1916 gladiis
455 1830 489 1894 in
518 1831 582 1896 illis
618 1829 802 1896 ambulasse
839 1829 1066 1895 describuntur

239 1958 269 2004 15
307 1933 464 2019 partibus.
503 1924 691 2017 itaque'alii
713 1935 845 2000 fallaces
867 1932 1065 2019 pseudoeos-

240 2063 270 2107 16
306 2036 477 2124 mographi
498 2037 643 2123 praefata
657 2036 800 2120 flumina,
824 2035 859 2102 id
882 2047 931 2102 est
949 2037 1064 2124 Tigrin

239 2167 270 2212 1⁷
305 2150 340 2205 et
350 2141 550 2227 Euphraten,
566 2163 607 2206 ex
621 2141 784 2208 montibus
801 2141 975 2206 Armeniae
989 2163 1064 2227 pro-

239 2269 270 2314 ls
308 2265 455 2310 cessuros
470 2245 749 2311 historieaverunt.
780 2244 838 2310 sed
854 2255 886 2309 et
900 2245 964 2312 hoc
979 2245 1064 2310 absit

240 2371 270 2415 19
307 2349 394 2433 quod
416 2349 534 2414 veritas
558 2349 610 2414 sit.
648 2373 713 2414 non
737 2371 813 2435 ergo
836 2349 870 2412 in
892 2349 1064 2414 Armenio·

238 2475 269 2519 20
306 2475 378 2518 rum
399 2463 486 2518 terra
507 2453 562 2518 ille
578 2453 785 2518 suavissimus
807 2452 976 2536 paradisus
992 2473 1062 2518 esse

239 2580 268 2626 21
306 2556 497 2622 ostenditur.
542 2567 575 2622 et
597 2556 757 2640 quomodo
784 2557 817 2620 in
841 2553 976 2621 Oriente
1005 2579 1063 2643 pa

238 2683 269 2730 aa
305 2661 432 2727 radisus
463 2683 533 2727 esse
556 2659 765 2741 adscribitur,
795 2660 822 2723 si
850 2660 884 2722 in
906 2660 1063 2724 Armenia

239 2787 269 2834 ts
306 2789 377 2831 csse
399 2764 552 2852 putatur?
575 2764 629 2847 qui
652 2763 771 2828 Persae
787 2763 900 2826 Parthi
924 2787 943 2827 a
966 2786 1063 2848 super

307 2873 321 2920 3
351 2875 426 2934 quasi]
451 2873 546 2932 quidem
565 2871 629 2918 editt.
720 2874 733 2918 7
763 2871 857 2927 deinde]
882 2871 978 2917 demum
997 2871 1061 2918 editi.

305 2945 315 2990 ll
327 2959 424 3005 porrum
442 2945 471 2990 B.
528 2944 558 2988 12
588 2946 714 3002 quamque]
735 2941 814 3003 cf.3l
835 2941 1061 2998 4‚1V12.tin-

304 3017 386 3062 finitus
404 3017 455 3061 eins
473 3015 537 3060 editi.
605 3015 637 3060 14
664 3013 812 3060 ambulasset
829 3013 859 3057 B.
933 3015 964 3059 16
993 3027 1061 3072 prae-

305 3088 362 3142 fata]
382 3085 468 3146 cf.16
488 3086 512 3142 1,
531 3084 572 3130 ubi
591 3083 685 3130 laeana.
764 3086 795 3130 17
824 3084 931 3129 eufraten
951 3084 1006 3140 AB;
1027 3082 1060 3145 rs.

305 3157 337 3202 20
357 3157 391 3202 12
408 3171 444 3216 sq.
463 3157 472 3202 ΙΙ
492 3156 627 3214 montibus]
650 3155 780 3202 monilibus
799 3155 828 3200 A.
921 3156 951 3201 18
981 3157 1061 3202 istori-

305 3233 420 3280 zauerunt
431 3229 459 3284 A,
479 3227 670 3288 ystoricaverunt
681 3226 710 3272 B.
779 3227 810 3272 23
831 3225 925 3283 Persae]
939 3239 982 3286 par
994 3240 1018 3274 se
1029 3227 1060 3272 B.

305 3299 314 3344 ll
326 3299 390 3358 parti
407 3299 437 3344 A.
456 3299 465 3344 ll
486 3313 500 3346 a
518 3312 563 3343 am.
583 3297 646 3343 editi.

877 3377 907 3420 2.
