2710 4004
318 391 370 444 454
1025 406 1107 442 ovino
1127 396 1141 440 7

284 624 287 630 Ι
339 564 352 607 ι
391 539 485 604 litora
506 537 664 624 praedicti
683 539 772 606 sinus
794 540 891 604 maris
908 537 1070 606 Adriatici
1089 563 1144 607 us·

338 668 352 712 a
391 663 453 725 que
475 641 518 706 ad
540 643 703 728 expletum
730 651 871 708 tractum
892 643 992 709 totius
1014 645 1143 730 pruvin-

338 771 352 815 a
391 746 458 810 ciac
480 745 634 810 Histriae.

337 872 353 916 4
425 849 455 916 7.
501 849 612 914 Tertia
639 873 716 916 vero
744 851 818 916 finis
840 848 954 916 Italiae
984 859 1034 917 est
1055 873 1142 916 mare

339 975 352 1020 5
391 951 564 1035 Gallicum,
587 953 675 1037 quod
698 961 730 1019 et
750 954 964 1040 Tyrrhenum,
985 955 1142 1040 incipiens

339 1080 353 1124 a
390 1080 410 1120 a
431 1056 605 1142 praedictis
627 1056 790 1122 montibus
813 1058 869 1141 qui
891 1056 1039 1122 dividunt
1059 1058 1143 1122 inter

339 1183 353 1227 7
390 1160 554 1226 civitatem
568 1161 819 1247 Vigintimilium
848 1170 881 1226 et
901 1160 1040 1226 Niceam
1065 1162 1143 1226 civi-

339 1285 354 1330 8
389 1273 490 1330 tatem
518 1265 702 1348 provinciae
730 1263 964 1350 septimaniae,
998 1275 1031 1332 et
1059 1265 1143 1330 desi·

339 1387 354 1432 a
390 1367 528 1432 neusin
555 1378 729 1454 angustum
749 1370 868 1434 fretum
890 1367 988 1456 Regii
1013 1370 1142 1455 provin·

323 1491 354 1536 10
391 1471 460 1534 ciae
483 1467 660 1538 Calabriae.
705 1473 793 1558 quod
813 1474 932 1538 fretum
954 1471 1071 1538 dividit
1092 1470 1143 1540 Si·

323 1595 353 1638 11
392 1574 499 1640 ciliam
513 1575 652 1642 insulam
667 1576 707 1642 ab
723 1576 829 1659 Italia,
852 1599 934 1662 quae
948 1577 1038 1662 pn‘us
1052 1578 1144 1642 unita

323 1699 354 1746 12
391 1678 437 1759 ei,
466 1687 502 1743 ut
524 1676 684 1747 Salustius
708 1681 823 1762 refert,
851 1682 973 1763 fuerat,
1001 1679 1144 1746 undeet

323 1803 354 1848 ra
391 1781 455 1848 alio
484 1783 518 1848 in
543 1783 616 1850 loco
643 1809 708 1850 una
735 1785 973 1870 provinciarum
995 1785 1064 1850 eius
1085 1807 1144 1870 po-

322 1906 355 1952 14
390 1885 487 1950 nitur.
576 1911 581 1920 ’

323 2009 353 2054 ts
423 1987 456 2057 8.
503 1987 629 2071 Quarta
651 2001 757 2057 sutem
779 1992 853 2057 finis
875 1991 989 2057 Italiae
1005 1992 1144 2058 litoralia

323 2111 354 2158 16
391 2093 495 2160 Ionici
506 2097 614 2178 maris,
630 2095 826 2182 apraedicta
837 2096 967 2161 civitate
979 2095 1083 2183 Regio
1094 2097 1143 2160 in-

323 2215 353 2262 17
391 2197 558 2283 aptantes,
581 2209 714 2266 extensa
734 2222 863 2285 perora
878 2199 966 2266 sinus
982 2199 1154 2265 Adriatic?

426 2412 517 2460 codices
535 2412 607 2475 bsmr.
853 2413 886 2475 cf.
899 2415 958 2462 Rue.
972 2413 1024 2461 293
1043 2416 1058 2461 9
1070 2429 1105 2474 aq.

393 2520 402 2563 1
426 2519 501 2576 sinus]
519 2520 580 2567 finus
598 2536 627 2566 m.
647 2521 657 2566 ll
674 2520 746 2566 maris
757 2522 867 2566 omittunt
879 2535 924 2567 mr.
961 2522 975 2568 3
995 2520 1085 2580 hystrie
1097 2535 1140 2566 mr.

391 2589 406 2635 t
426 2590 529 2636 tirenum
541 2606 562 2647 r,
582 2593 701 2638 thirenum
713 2605 744 2636 m.
799 2593 813 2637 6
833 2591 972 2650 praedictis}
985 2591 1085 2650 prefatis
1096 2606 1141 2636 mr.

393 2661 425 2705 12
453 2667 481 2706 nt
504 2660 624 2709 Salustius
645 2663 730 2718 refert]
754 2667 798 2721 „ut
820 2664 893 2708 etiam
916 2661 1046 2709 Sallustius
1070 2663 1142 2708 dicitz

390 2730 476 2778 ltaliae
495 2730 604 2780 Siciliam
622 2733 774 2780 coniunctam
798 2738 893 2780 constat
910 2733 1001 2780 tuisse“
1024 2732 1092 2778 Serv.
1111 2732 1144 2778 ad

389 2801 448 2848 Aea.
467 2801 484 2848 3
503 2803 567 2860 lm
594 2804 699 2860 „fretum
723 2801 820 2850 Siciliae
844 2804 909 2862 quod
930 2803 1033 2863 Regium
1056 2803 1143 2850 dicitur

391 2871 511 2920 Salustius
534 2889 565 2921 ex
583 2873 627 2921 tali
648 2887 721 2920 causa
738 2874 820 2923 vocari
838 2873 933 2930 scribit,
957 2875 1039 2922 <licens
1057 2873 1143 2920 Italiae

390 2943 447 2990 clim
461 2943 570 2992 Siciliam
588 2946 740 2992 coniunctam
758 2944 848 2990 fnisse“
867 2945 1076 3006 Iaidcr.orr'9.13
1095 2945 1143 3000 18,-

391 3013 527 3069 „Salustius
554 3021 634 3063 autern
661 3015 721 3061 dicit
746 3013 830 3062 ItalIae
858 3017 1010 3064 coniunctum
1034 3015 1143 3063 Siciliam

389 3085 479 3132 fuisse“
497 3086 585 3132 lsiclor.
604 3089 665 3146 oric.
684 3081 718 3132 14
738 3085 767 3142 6,·
787 3100 858 3141 „nam
872 3085 930 3133 olim
942 3087 1002 3134 dicit
1013 3085 1143 3134 Sallustius

389 3155 486 3204 Italiam
509 3155 606 3204 Siciliae
629 3158 735 3202 iunctam
757 3156 846 3204 fuisse“
880 3157 993 3204 Luctant.
1016 3158 1142 3216 (Luctat.)

390 3227 424 3272 ud
441 3227 515 3274 Statii
536 3228 646 3274 Thebaid.
665 3226 681 3274 3
699 3228 752 3274 596
769 3229 829 3276 597.
886 3230 917 3276 ts
937 3228 986 3275 alio
1004 3229 1037 3286 in]
1057 3229 1082 3276 in
1094 3227 1142 3274 alio

391 3297 416 3342 in
436 3297 457 3342 b.
515 3299 545 3346 lt
573 3299 646 3346 litora
662 3313 708 3344 mr.
767 3300 798 3348 17
827 3305 986 3360 extensapcr
1004 3300 1140 3356 erasinus}

391 3373 485 3414 artensa
504 3383 545 3428 per
563 3370 623 3417 hora
640 3371 691 3417 ficis
709 3367 730 3426 s.
