2710 4004
215 417 296 452 ovino
318 406 348 449 lo
987 401 1056 454 455.

236 575 249 618 1
287 571 389 635 usque
416 549 458 615 ad
481 549 739 614 coniunctionem
766 548 870 614 litoris
893 550 1039 634 superius

235 675 250 720 2
287 652 394 718 dictae
416 653 600 739 provinciae
622 653 779 718 Histriae.

235 779 249 822 a
319 755 350 824 9.
396 755 560 824 Soarifum
582 781 659 822 vero
682 755 826 822 eiusdem
840 756 954 822 Italiac
969 760 1040 842 qui·

234 886 250 927 4
287 859 362 924 darn
383 859 568 948 philosophi
583 860 733 926 dixerunt
746 861 934 926 inmanitate
948 863 1040 950 fimgi

235 985 249 1032 5
286 962 428 1047 modurn,
451 963 505 1028 alii
521 985 648 1048 quoque
663 985 798 1052 graecae
812 965 939 1029 litterae
953 966 1041 1030 simi-

235 1093 249 1137 s
285 1067 472 1150 litudinem,
502 1067 648 1132 nonnulli
674 1069 770 1132 etiam
791 1077 945 1152 tanquam
966 1093 1041 1155 pro·
1067 1150 1070 1155 Ι

236 1195 249 1240 ῖ
286 1171 426 1237 miscuos
448 1171 550 1237 flexus
574 1172 740 1236 conchilae
762 1173 914 1254 marinae,
942 1175 1040 1239 ceteri

236 1301 250 1346 s
288 1283 394 1338 autem
409 1277 443 1340 in
458 1276 590 1340 modum
611 1275 736 1361 palmae
751 1275 889 1341 hominis
905 1278 957 1341 vel
971 1279 1040 1342 folii

235 1405 249 1448 9
286 1378 418 1462 platani.
470 1380 589 1444 dicitur
617 1381 702 1444 enim
731 1379 818 1463 quod
846 1403 866 1444 a
887 1382 1040 1466 praefatis

219 1507 249 1551 10
286 1481 426 1567 Alpibus
442 1485 558 1548 scarifo
573 1483 666 1570 fungi
681 1483 851 1566 ambiatur,
873 1507 893 1548 a
906 1484 1040 1550 meridie

219 1611 249 1654 11
288 1594 321 1648 et
342 1609 430 1650 mare
454 1585 581 1652 Gallico
609 1595 764 1671 tanquam
786 1587 894 1652 littera
916 1611 1041 1654 summa

219 1709 250 1754 22
286 1687 486 1772 terminetur,
510 1713 529 1754 a
551 1713 638 1756 mare
653 1689 765 1756 lonico
780 1698 814 1754 et
828 1692 950 1756 oriente
965 1715 1040 1779 pro·

219 1813 250 1858 13
287 1800 359 1876 pter
382 1793 529 1858 sinuosos
547 1793 650 1860 flexus
665 1795 762 1862 maris
777 1794 878 1859 veluti
893 1797 1041 1862 conchila

219 1916 250 1960 14
286 1895 453 1982 figuretur,
475 1921 571 1983 porro
594 1921 614 1964 a
636 1897 879 1985 septentrionali
897 1909 989 1985 parte
1003 1910 1041 1966 ut

218 2021 248 2066 15
285 2001 393 2086 palma
429 2002 567 2066 hominis
610 2002 663 2067 vel
704 2002 818 2067 folium
855 2002 1041 2092 depingitur

218 2127 248 2172 16
283 2105 415 2190 platani.

219 2231 248 2274 17
316 2207 389 2294 (10.
435 2209 558 2275 Verum
572 2209 686 2275 Italiae
700 2210 881 2297 longitude,
901 2233 983 2297 quae
998 2211 1039 2278 ab

219 2334 249 2378 ra
286 2313 439 2400 Augusta
449 2313 616 2379 Praetoria
625 2337 684 2400 per
695 2313 819 2380 Urbem
831 2313 1039 2402 Capuamque

219 2437 249 2483 19
287 2417 463 2504 porrigitur
495 2439 598 2502 usque
632 2417 674 2482 ad
706 2417 861 2505 oppidum
888 2420 1040 2507 Regium,

218 2545 250 2590 2ο
287 2521 394 2587 decies
410 2529 546 2586 centena
561 2530 593 2586 et
607 2522 723 2609 viginti
736 2545 891 2609 passuum
906 2524 1040 2611 colligit,

217 2650 248 2696 22
286 2626 435 2708 latitudo,
457 2624 515 2690 ubi
528 2625 712 2712 plurimum,
734 2626 970 2715 quadringenta
984 2626 1040 2692 de-

322 2857 414 2904 codioes
433 2857 505 2920 bsmr.
564 2857 598 2920 os.
610 2859 671 2906 Rau.
685 2859 736 2906 294
756 2860 833 2920 8sq.,·
850 2859 928 2906 solia.
947 2873 967 2906 c.
979 2861 1003 2905 2.

289 2963 301 3008 1
321 2963 412 3009 littoris
438 2978 467 3021 m,
495 2963 587 3012 lictoris
614 2979 636 3012 r.
692 2967 706 3012 8
731 2965 856 3022 scaritum}
875 2965 1000 3026 cariphum
1016 2963 1039 3026 f.

286 3041 300 3080 2
321 3033 469 3094 phylosophi
491 3049 514 3080 m
538 3035 576 3082 hic
599 3040 623 3082 et
643 3035 720 3096 infra.
746 3036 756 3082 ii
781 3037 906 3083 inanitate
928 3051 958 3094 m,
985 3035 1039 3082 scil.

282 3105 374 3164 proin
393 3106 519 3152 amanitae.
587 3109 601 3154 6
626 3107 711 3164 etiam]
731 3112 755 3152 et
772 3121 802 3156 m.
869 3109 882 3154 7
910 3107 990 3154 fslxus
1008 3122 1039 3154 m.

287 3177 302 3221 9
331 3176 447 3234 predictis
463 3175 489 3236 s.
546 3179 577 3223 10
605 3179 709 3224 acarinfo
721 3176 748 3238 s.
805 3179 835 3224 11
864 3181 964 3235 summai
983 3179 1000 3224 i.
1019 3191 1038 3224 e.

287 3247 371 3306 sigma.
447 3247 477 3293 17
505 3247 595 3294 Verum
613 3281 647 3289 -
665 3250 716 3295 456
747 3251 760 3295 7
789 3254 890 3296 centena
914 3252 983 3306 sunt}
1011 3262 1040 3294 aa

287 3315 366 3364 notat
384 3331 436 3376 cap.
447 3317 471 3363 2.
546 3321 576 3365 17
605 3313 752 3379 angustat.
828 3322 859 3367 19
888 3321 1000 3380 dirigitur
1017 3319 1039 3366 t.

289 3389 321 3435 20
350 3391 475 3448 passuum]
494 3389 562 3436 milia
578 3403 692 3450 passuum
711 3389 815 3438 Solinus.
885 3387 890 3402 ’
1031 3403 1034 3408 ·
