2710 4004
228 362 312 410 ¹aymo
333 350 364 396 22

251 519 262 564 1
451 495 590 562 Brutum

250 624 264 668 a
455 599 568 664 Pinnis

249 729 264 773 a
335 702 388 771 22.
454 701 571 784 Valba,
595 725 676 788 quaa
699 704 760 768 etsi
782 726 802 767 a
824 725 911 768 mare
929 713 1058 770 centum

249 837 264 881 4
301 807 445 874 miliariis
468 805 577 888 distel,
598 807 760 872 territoria
780 815 889 874 tamen
913 807 981 874 eius
1005 830 1058 874 us-

249 940 265 985 5
302 933 363 994 que
387 909 429 975 ad
451 933 538 976 mare
559 911 759 998 pertingunt,

452 1013 621 1078 Adernum

453 1115 579 1184 Ortona

451 1221 619 1286 Anxinum

452 1325 555 1390 Teate

451 1429 585 1492 Annum

452 1531 622 1596 Pallanum

451 1633 610 1698 Istonium

452 1736 586 1802 Larium

453 1840 600 1904 Teanum

451 1943 623 2008 Polonium

451 2049 614 2135 Ergitium

452 2153 583 2218 'latinia

453 2257 619 2322 Parthona

454 2361 547 2426 Attie

455 2463 611 2550 Sipontus

453 2568 628 2632 Anxanum

454 2669 573 2737 Salinis
597 2695 678 2756 quae
702 2682 734 2736 et
756 2669 883 2757 Salapia

454 2774 628 2840 Aufidiena
655 2799 714 2861 pro
743 2798 807 2859 qua
833 2797 921 2840 nunu
945 2773 1056 2842 Canna

339 2947 430 2992 codices
448 2945 520 3008 bfmr.
767 2945 800 3006 cf.
812 2947 872 2993 Rau.
886 2946 937 2993 259
958 2947 973 2992 9
985 2963 1019 3008 aq.

304 3055 316 3097 l
336 3053 436 3098 brucum
455 3053 514 3099 ὄπιν.
564 3054 578 3098 2
598 3053 695 3112 pinnius
713 3066 758 3098 mr.
807 3055 821 3099 3
842 3057 946 3110 centum]
963 3055 1010 3100 100
1024 3070 1054 3113 m,

304 3125 351 3169 100
371 3129 467 3170 centum
485 3139 507 3170 r.
581 3125 595 3169 8
625 3124 749 3169 auximum
761 3121 788 3184 f.
846 3125 876 3168 *a
906 3125 975 3170 tende
995 3125 1053 3171 bmr.

302 3196 333 3240 12
353 3195 465 3242 istomum
477 3193 503 3256 j.
552 3196 583 3241 16
603 3192 751 3255 argiciums.
799 3197 829 3240 19
850 3193 941 3255 uicies,
962 3197 1052 3243 aitieb.

302 3266 332 3310 21
353 3280 468 3313 auianum
480 3265 507 3326 f.
556 3267 588 3312 22
609 3269 640 3323 at]
654 3271 678 3312 et
690 3271 715 3312 et
728 3266 749 3312 b.
777 3265 787 3310 ΙΙ
814 3264 918 3325 Salapia]
937 3267 1012 3327 salpis
1030 3284 1051 3314 r.

301 3337 333 3384 23
353 3337 472 3383 aufidiena
484 3335 510 3398 f.
