<?xml version="1.0" encoding="UTF-8"?>
<!DOCTYPE html PUBLIC "-//W3C//DTD XHTML 1.0 Transitional//EN"
    "http://www.w3.org/TR/xhtml1/DTD/xhtml1-transitional.dtd">
<html xmlns="http://www.w3.org/1999/xhtml" xml:lang="en" lang="en">
 <head>
  <title>
</title>
<meta http-equiv="Content-Type" content="text/html;charset=utf-8" />
  <meta name='ocr-system' content='tesseract 3.04.00' />
  <meta name='ocr-capabilities' content='ocr_page ocr_carea ocr_par ocr_line ocrx_word'/>
</head>
<body>
  <div class='ocr_page' id='page_1' title='image "./ravennatisanony00ravegoog_0480.png"; bbox 0 0 2562 3996; ppageno 0'>
   <div class='ocr_carea' id='block_1_1' title="bbox 178 375 998 428">
    <p class='ocr_par' dir='ltr' id='par_1_1' title="bbox 178 375 998 428">
     <span class='ocr_line' id='line_1_1' title="bbox 178 375 998 428; baseline 0.007 -6"><span class='ocrx_word' id='word_1_1' title='bbox 178 386 258 422; x_wconf 78' lang='lat' dir='ltr'>numo</span> <span class='ocrx_word' id='word_1_2' title='bbox 277 377 309 422; x_wconf 79' lang='lat'>32</span> <span class='ocrx_word' id='word_1_3' title='bbox 946 375 998 428; x_wconf 80' lang='lat'>471</span> 
     </span>
    </p>
   </div>
   <div class='ocr_carea' id='block_1_2' title="bbox 179 519 1003 2055">
    <p class='ocr_par' dir='ltr' id='par_1_2' title="bbox 196 519 1000 812">
     <span class='ocr_line' id='line_1_2' title="bbox 198 519 1000 605; baseline 0.004 -20"><span class='ocrx_word' id='word_1_4' title='bbox 198 543 209 585; x_wconf 92' lang='lat'>1</span> <span class='ocrx_word' id='word_1_5' title='bbox 280 519 332 588; x_wconf 81' lang='lat'>31.</span> <span class='ocrx_word' id='word_1_6' title='bbox 378 521 461 586; x_wconf 81' lang='lat' dir='ltr'>Item</span> <span class='ocrx_word' id='word_1_7' title='bbox 483 522 574 584; x_wconf 81' lang='lat' dir='ltr'>iuxta</span> <span class='ocrx_word' id='word_1_8' title='bbox 594 521 712 586; x_wconf 85' lang='lat' dir='ltr'>fretum</span> <span class='ocrx_word' id='word_1_9' title='bbox 731 522 822 605; x_wconf 81' lang='lat' dir='ltr'>quod</span> <span class='ocrx_word' id='word_1_10' title='bbox 843 524 927 588; x_wconf 79' lang='lat' dir='ltr'>inter</span> <span class='ocrx_word' id='word_1_11' title='bbox 948 522 1000 590; x_wconf 89' lang='lat' dir='ltr'>Si·</span> 
     </span>
     <span class='ocr_line' id='line_1_3' title="bbox 196 618 1000 693; baseline 0.006 -5"><span class='ocrx_word' id='word_1_12' title='bbox 196 643 210 688; x_wconf 77' lang='lat' dir='ltr'>a</span> <span class='ocrx_word' id='word_1_13' title='bbox 249 624 354 688; x_wconf 80' lang='lat' dir='ltr'>ailiam</span> <span class='ocrx_word' id='word_1_14' title='bbox 389 634 422 688; x_wconf 80' lang='lat' dir='ltr'>et</span> <span class='ocrx_word' id='word_1_15' title='bbox 452 618 634 688; x_wconf 83' lang='lat' dir='ltr'>Calabriam</span> <span class='ocrx_word' id='word_1_16' title='bbox 664 625 777 690; x_wconf 81' lang='lat' dir='ltr'>ltaliae</span> <span class='ocrx_word' id='word_1_17' title='bbox 806 625 922 692; x_wconf 83' lang='lat' dir='ltr'>dividit</span> <span class='ocrx_word' id='word_1_18' title='bbox 950 638 1000 693; x_wconf 81' lang='lat' dir='ltr'>est</span> 
     </span>
     <span class='ocr_line' id='line_1_4' title="bbox 196 727 606 812; baseline 0 -21"><span class='ocrx_word' id='word_1_19' title='bbox 196 749 210 791; x_wconf 86' lang='lat' dir='ltr'>a</span> <span class='ocrx_word' id='word_1_20' title='bbox 247 727 360 793; x_wconf 84' lang='lat' dir='ltr'>civitas</span> <span class='ocrx_word' id='word_1_21' title='bbox 384 750 465 812; x_wconf 87' lang='lat' dir='ltr'>quaa</span> <span class='ocrx_word' id='word_1_22' title='bbox 488 727 606 792; x_wconf 79' lang='lat' dir='ltr'>dicitnr</span> 
     </span>
    </p>

    <p class='ocr_par' dir='ltr' id='par_1_3' title="bbox 194 827 522 895">
     <span class='ocr_line' id='line_1_5' title="bbox 194 827 522 895; baseline 0.003 -1"><span class='ocrx_word' id='word_1_23' title='bbox 194 851 210 894; x_wconf 83' lang='lat'>4</span> <span class='ocrx_word' id='word_1_24' title='bbox 397 827 522 895; x_wconf 83' lang='lat' dir='ltr'>Gaulon</span> 
     </span>
    </p>

    <p class='ocr_par' dir='ltr' id='par_1_4' title="bbox 196 935 512 1000">
     <span class='ocr_line' id='line_1_6' title="bbox 196 935 512 1000; baseline 0.006 -3"><span class='ocrx_word' id='word_1_25' title='bbox 196 953 210 997; x_wconf 82' lang='lat' dir='ltr'>a</span> <span class='ocrx_word' id='word_1_26' title='bbox 397 935 512 1000; x_wconf 81' lang='lat' dir='ltr'>Locris</span> 
     </span>
    </p>

    <p class='ocr_par' dir='ltr' id='par_1_5' title="bbox 196 1037 519 1104">
     <span class='ocr_line' id='line_1_7' title="bbox 196 1037 519 1104; baseline 0.003 -2"><span class='ocrx_word' id='word_1_27' title='bbox 196 1057 211 1102; x_wconf 80' lang='lat' dir='ltr'>a</span> <span class='ocrx_word' id='word_1_28' title='bbox 396 1037 519 1104; x_wconf 85' lang='lat' dir='ltr'>Sileum</span> 
     </span>
    </p>

    <p class='ocr_par' dir='ltr' id='par_1_6' title="bbox 195 1136 595 1332">
     <span class='ocr_line' id='line_1_8' title="bbox 196 1136 595 1228; baseline 0.01 -25"><span class='ocrx_word' id='word_1_29' title='bbox 196 1161 209 1203; x_wconf 80' lang='lat'>7</span> <span class='ocrx_word' id='word_1_30' title='bbox 256 1136 260 1147; x_wconf 87' lang='lat'>&#39;</span> <span class='ocrx_word' id='word_1_31' title='bbox 367 1141 595 1228; x_wconf 76' lang='lat' dir='ltr'>&#39;Leucopetia</span> 
     </span>
     <span class='ocr_line' id='line_1_9' title="bbox 195 1245 537 1332; baseline 0.009 -25"><span class='ocrx_word' id='word_1_32' title='bbox 195 1264 209 1307; x_wconf 83' lang='lat' dir='ltr'>a</span> <span class='ocrx_word' id='word_1_33' title='bbox 397 1245 537 1332; x_wconf 86' lang='lat' dir='ltr'>Regium</span> 
     </span>
    </p>

    <p class='ocr_par' dir='ltr' id='par_1_7' title="bbox 179 1346 1002 1522">
     <span class='ocr_line' id='line_1_10' title="bbox 195 1346 1002 1438; baseline 0.009 -27"><span class='ocrx_word' id='word_1_34' title='bbox 195 1367 209 1411; x_wconf 82' lang='lat' dir='ltr'>a</span> <span class='ocrx_word' id='word_1_35' title='bbox 399 1346 559 1414; x_wconf 83' lang='lat' dir='ltr'>Columna</span> <span class='ocrx_word' id='word_1_36' title='bbox 574 1349 680 1438; x_wconf 83' lang='lat' dir='ltr'>Regia</span> <span class='ocrx_word' id='word_1_37' title='bbox 703 1373 785 1435; x_wconf 86' lang='lat' dir='ltr'>quae</span> <span class='ocrx_word' id='word_1_38' title='bbox 800 1375 888 1418; x_wconf 80' lang='lat' dir='ltr'>nuno</span> <span class='ocrx_word' id='word_1_39' title='bbox 902 1351 1002 1420; x_wconf 83' lang='lat' dir='ltr'>stilos</span> 
     </span>
     <span class='ocr_line' id='line_1_11' title="bbox 179 1452 557 1522; baseline 0.016 -6"><span class='ocrx_word' id='word_1_40' title='bbox 179 1472 209 1516; x_wconf 86' lang='lat'>10</span> <span class='ocrx_word' id='word_1_41' title='bbox 397 1452 557 1522; x_wconf 79' lang='lat' dir='ltr'>Arciades.</span> 
     </span>
    </p>

    <p class='ocr_par' dir='ltr' id='par_1_8' title="bbox 179 1555 559 1620">
     <span class='ocr_line' id='line_1_12' title="bbox 179 1555 559 1620; baseline 0.003 -1"><span class='ocrx_word' id='word_1_42' title='bbox 179 1574 208 1619; x_wconf 91' lang='lat'>11</span> <span class='ocrx_word' id='word_1_43' title='bbox 397 1555 559 1620; x_wconf 82' lang='lat' dir='ltr'>Tauriana</span> 
     </span>
    </p>

    <p class='ocr_par' dir='ltr' id='par_1_9' title="bbox 179 1659 559 1723">
     <span class='ocr_line' id='line_1_13' title="bbox 179 1659 559 1723; baseline 0.005 -3"><span class='ocrx_word' id='word_1_44' title='bbox 179 1677 209 1720; x_wconf 80' lang='lat'>12</span> <span class='ocrx_word' id='word_1_45' title='bbox 398 1659 559 1723; x_wconf 83' lang='lat' dir='ltr'>Amantea</span> 
     </span>
    </p>

    <p class='ocr_par' dir='ltr' id='par_1_10' title="bbox 179 1761 585 1848">
     <span class='ocr_line' id='line_1_14' title="bbox 179 1761 585 1848; baseline 0.005 -24"><span class='ocrx_word' id='word_1_46' title='bbox 179 1780 210 1825; x_wconf 82' lang='lat'>13</span> <span class='ocrx_word' id='word_1_47' title='bbox 398 1761 585 1848; x_wconf 84' lang='lat' dir='ltr'>Angellum.</span> 
     </span>
    </p>

    <p class='ocr_par' dir='ltr' id='par_1_11' title="bbox 179 1861 1003 2055">
     <span class='ocr_line' id='line_1_15' title="bbox 179 1861 1002 1934; baseline 0.009 -8"><span class='ocrx_word' id='word_1_48' title='bbox 179 1883 211 1926; x_wconf 87' lang='lat'>14</span> <span class='ocrx_word' id='word_1_49' title='bbox 281 1861 334 1930; x_wconf 74' lang='lat'>32.</span> <span class='ocrx_word' id='word_1_50' title='bbox 380 1862 465 1929; x_wconf 80' lang='lat' dir='ltr'>Item</span> <span class='ocrx_word' id='word_1_51' title='bbox 486 1865 577 1930; x_wconf 77' lang='lat' dir='ltr'>iuxta</span> <span class='ocrx_word' id='word_1_52' title='bbox 600 1887 686 1930; x_wconf 86' lang='lat' dir='ltr'>mare</span> <span class='ocrx_word' id='word_1_53' title='bbox 703 1862 867 1932; x_wconf 81' lang='lat' dir='ltr'>Gallicum</span> <span class='ocrx_word' id='word_1_54' title='bbox 889 1877 921 1932; x_wconf 84' lang='lat' dir='ltr'>et</span> <span class='ocrx_word' id='word_1_55' title='bbox 936 1892 1002 1934; x_wconf 87' lang='lat' dir='ltr'>ma-</span> 
     </span>
     <span class='ocr_line' id='line_1_16' title="bbox 179 1967 1003 2055; baseline 0.011 -26"><span class='ocrx_word' id='word_1_56' title='bbox 179 1983 209 2030; x_wconf 81' lang='lat'>15</span> <span class='ocrx_word' id='word_1_57' title='bbox 247 1987 358 2053; x_wconf 84' lang='lat' dir='ltr'>gnum,</span> <span class='ocrx_word' id='word_1_58' title='bbox 381 1967 468 2052; x_wconf 90' lang='lat' dir='ltr'>quod</span> <span class='ocrx_word' id='word_1_59' title='bbox 491 1977 523 2034; x_wconf 84' lang='lat' dir='ltr'>et</span> <span class='ocrx_word' id='word_1_60' title='bbox 539 1969 732 2055; x_wconf 83' lang='lat' dir='ltr'><strong>Tyrrenum,</strong></span> <span class='ocrx_word' id='word_1_61' title='bbox 756 1969 903 2037; x_wconf 78' lang='lat' dir='ltr'>civitates</span> <span class='ocrx_word' id='word_1_62' title='bbox 927 1982 1003 2038; x_wconf 76' lang='lat' dir='ltr'>sunt</span> 
     </span>
    </p>
   </div>
   <div class='ocr_carea' id='block_1_3' title="bbox 178 2071 802 2241">
    <p class='ocr_par' dir='ltr' id='par_1_12' title="bbox 178 2071 802 2241">
     <span class='ocr_line' id='line_1_17' title="bbox 178 2071 802 2153; baseline 0.006 -21"><span class='ocrx_word' id='word_1_63' title='bbox 178 2088 209 2132; x_wconf 79' lang='lat'>16</span> <span class='ocrx_word' id='word_1_64' title='bbox 395 2071 525 2137; x_wconf 88' lang='lat' dir='ltr'>Bibona</span> <span class='ocrx_word' id='word_1_65' title='bbox 538 2071 701 2153; x_wconf 74' lang='lat' dir='ltr'>Valentia,</span> <span class='ocrx_word' id='word_1_66' title='bbox 723 2071 802 2136; x_wconf 76' lang='lat' dir='ltr'>ilem</span> 
     </span>
     <span class='ocr_line' id='line_1_18' title="bbox 396 2176 525 2241; baseline 0.016 -2"><span class='ocrx_word' id='word_1_67' title='bbox 396 2176 525 2241; x_wconf 83' lang='lat' dir='ltr'>Tanum</span> 
     </span>
    </p>
   </div>
   <div class='ocr_carea' id='block_1_4' title="bbox 396 2279 582 2967">
    <p class='ocr_par' dir='ltr' id='par_1_13' title="bbox 396 2279 582 2967">
     <span class='ocr_line' id='line_1_19' title="bbox 397 2279 517 2345; baseline 0 -1"><span class='ocrx_word' id='word_1_68' title='bbox 397 2279 517 2345; x_wconf 82' lang='lat' dir='ltr'>Tamsa</span> 
     </span>
     <span class='ocr_line' id='line_1_20' title="bbox 398 2380 578 2469; baseline 0.006 -22"><span class='ocrx_word' id='word_1_69' title='bbox 398 2380 578 2469; x_wconf 74' lang='lat' dir='ltr'>Clampetia</span> 
     </span>
     <span class='ocr_line' id='line_1_21' title="bbox 399 2483 534 2554; baseline 0.03 -4"><span class='ocrx_word' id='word_1_70' title='bbox 399 2483 534 2554; x_wconf 78' lang='lat' dir='ltr'>Ce&#39;rellis</span> 
     </span>
     <span class='ocr_line' id='line_1_22' title="bbox 397 2589 582 2657; baseline 0.016 -3"><span class='ocrx_word' id='word_1_71' title='bbox 397 2589 582 2657; x_wconf 86' lang='lat' dir='ltr'>Laminium</span> 
     </span>
     <span class='ocr_line' id='line_1_23' title="bbox 398 2692 542 2760; baseline 0.028 -4"><span class='ocrx_word' id='word_1_72' title='bbox 398 2692 542 2760; x_wconf 81' lang='lat' dir='ltr'>Blandus</span> 
     </span>
     <span class='ocr_line' id='line_1_24' title="bbox 398 2793 569 2864; baseline 0.012 -3"><span class='ocrx_word' id='word_1_73' title='bbox 398 2793 569 2864; x_wconf 75' lang='lat' dir='ltr'>Censennia</span> 
     </span>
     <span class='ocr_line' id='line_1_25' title="bbox 396 2900 581 2967; baseline 0.016 -3"><span class='ocrx_word' id='word_1_74' title='bbox 396 2900 581 2967; x_wconf 83' lang='lat' dir='ltr'>Buxentum</span> 
     </span>
    </p>
   </div>
   <div class='ocr_carea' id='block_1_5' title="bbox 282 3112 965 3176">
    <p class='ocr_par' dir='ltr' id='par_1_14' title="bbox 282 3112 965 3176">
     <span class='ocr_line' id='line_1_26' title="bbox 282 3112 965 3176; baseline 0 -18"><span class='ocrx_word' id='word_1_75' title='bbox 282 3113 373 3159; x_wconf 70' lang='lat' dir='ltr'>codices</span> <span class='ocrx_word' id='word_1_76' title='bbox 393 3113 465 3176; x_wconf 81' lang='lat' dir='ltr'><em>bfmr.</em></span> <span class='ocrx_word' id='word_1_77' title='bbox 706 3112 739 3175; x_wconf 87' lang='lat' dir='ltr'>cs.</span> <span class='ocrx_word' id='word_1_78' title='bbox 757 3113 817 3160; x_wconf 79' lang='lat' dir='ltr'>Rau.</span> <span class='ocrx_word' id='word_1_79' title='bbox 831 3112 882 3160; x_wconf 81' lang='lat'>263</span> <span class='ocrx_word' id='word_1_80' title='bbox 903 3115 965 3173; x_wconf 81' lang='lat' dir='ltr'>7aq.</span> 
     </span>
    </p>
   </div>
   <div class='ocr_carea' id='block_1_6' title="bbox 248 3217 1001 3422">
    <p class='ocr_par' dir='ltr' id='par_1_15' title="bbox 248 3217 1001 3422">
     <span class='ocr_line' id='line_1_27' title="bbox 248 3217 1001 3280; baseline 0.001 -16"><span class='ocrx_word' id='word_1_81' title='bbox 248 3218 376 3265; x_wconf 81' lang='lat' dir='ltr'>6sillaum</span> <span class='ocrx_word' id='word_1_82' title='bbox 395 3217 429 3279; x_wconf 83' lang='lat' dir='ltr'>bf.</span> <span class='ocrx_word' id='word_1_83' title='bbox 506 3219 679 3278; x_wconf 81' lang='lat' dir='ltr'>‘lleoeopeeia</span> <span class='ocrx_word' id='word_1_84' title='bbox 690 3217 717 3280; x_wconf 87' lang='lat' dir='ltr'>f.</span> <span class='ocrx_word' id='word_1_85' title='bbox 784 3219 949 3278; x_wconf 81' lang='lat' dir='ltr'>9columpna</span> <span class='ocrx_word' id='word_1_86' title='bbox 966 3217 1001 3279; x_wconf 85' lang='lat' dir='ltr'>bf.</span> 
     </span>
     <span class='ocr_line' id='line_1_28' title="bbox 249 3287 1000 3350; baseline 0 -15"><span class='ocrx_word' id='word_1_87' title='bbox 249 3289 280 3335; x_wconf 80' lang='lat'>15</span> <span class='ocrx_word' id='word_1_88' title='bbox 295 3291 408 3335; x_wconf 81' lang='lat' dir='ltr'>tirrenum</span> <span class='ocrx_word' id='word_1_89' title='bbox 414 3289 441 3350; x_wconf 87' lang='lat' dir='ltr'>f.</span> <span class='ocrx_word' id='word_1_90' title='bbox 481 3292 512 3336; x_wconf 87' lang='grc'>16</span> <span class='ocrx_word' id='word_1_91' title='bbox 531 3291 620 3336; x_wconf 80' lang='lat' dir='ltr'>bibana</span> <span class='ocrx_word' id='word_1_92' title='bbox 631 3290 741 3336; x_wconf 83' lang='lat' dir='ltr'>valencia</span> <span class='ocrx_word' id='word_1_93' title='bbox 747 3288 773 3350; x_wconf 90' lang='lat' dir='ltr'>f.</span> <span class='ocrx_word' id='word_1_94' title='bbox 813 3291 844 3336; x_wconf 87' lang='grc'>18</span> <span class='ocrx_word' id='word_1_95' title='bbox 862 3295 931 3337; x_wconf 80' lang='lat' dir='ltr'>tensa</span> <span class='ocrx_word' id='word_1_96' title='bbox 944 3287 1000 3350; x_wconf 82' lang='lat' dir='ltr'>hfm.</span> 
     </span>
     <span class='ocr_line' id='line_1_29' title="bbox 250 3359 923 3422; baseline 0 -16"><span class='ocrx_word' id='word_1_97' title='bbox 250 3361 281 3406; x_wconf 81' lang='lat'>19</span> <span class='ocrx_word' id='word_1_98' title='bbox 301 3360 451 3418; x_wconf 81' lang='lat' dir='ltr'>clampeneia</span> <span class='ocrx_word' id='word_1_99' title='bbox 461 3359 487 3421; x_wconf 88' lang='lat' dir='ltr'>s.</span> <span class='ocrx_word' id='word_1_100' title='bbox 544 3362 576 3407; x_wconf 82' lang='lat'>21</span> <span class='ocrx_word' id='word_1_101' title='bbox 600 3359 716 3407; x_wconf 81' lang='lat' dir='ltr'>laminam</span> <span class='ocrx_word' id='word_1_102' title='bbox 736 3359 785 3422; x_wconf 79' lang='lat' dir='ltr'><em>bfr.</em></span> <span class='ocrx_word' id='word_1_103' title='bbox 865 3389 870 3398; x_wconf 53' lang='grc' dir='ltr'><strong><em>ι</em></strong></span> <span class='ocrx_word' id='word_1_104' title='bbox 918 3391 923 3398; x_wconf 85' lang='lat'>-</span> 
     </span>
    </p>
   </div>
   <div class='ocr_carea' id='block_1_7' title="bbox 0 0 1286 3996">
    <p class='ocr_par' dir='ltr' id='par_1_16' title="bbox 0 0 1286 3996">
     <span class='ocr_line' id='line_1_30' title="bbox 0 0 1286 3996; baseline 0 0"><span class='ocrx_word' id='word_1_105' title='bbox 0 0 1286 3996; x_wconf 95' lang='lat' dir='ltr'> </span> 
     </span>
    </p>
   </div>
  </div>
 </body>
</html>
