2562 3996
279 407 332 460 546
952 422 1034 458 euno
1056 411 1103 458 119

297 579 310 623 1
346 553 467 640 patrias
490 554 763 640 reciprocabiliter
779 556 935 620 varietate
953 555 1103 642 designa·

295 679 310 724 a
346 658 464 740 verim,
499 657 576 722 dum
609 658 869 744 quandoquidem
902 681 985 744 quae
1013 661 1103 724 iuxta

295 764 310 832 a
348 759 547 844 Oeoeanum,
570 761 743 847 aliquando
767 785 848 846 quae
871 762 915 828 ad
931 787 1019 828 mare
1034 785 1102 828 ma-

294 888 310 932 4
347 889 448 952 gnum
475 867 654 948 nominavi,
686 867 762 930 hino
788 868 841 931 vel
867 865 943 930 inde
971 889 1100 932 sumens

294 989 309 1036 o
345 971 512 1056 principia.
558 971 643 1034 euim
661 993 728 1034 non
746 971 933 1057 ignoranter
953 969 1013 1035 sed
1025 993 1101 1056 pru·

294 1096 309 1140 s
348 1073 462 1138 denter
483 1075 586 1160 magis
608 1085 737 1160 gestum
757 1081 816 1138 est.
862 1099 937 1139 nam
952 1073 1030 1138 dum
1045 1083 1100 1138 aut

193 1189 196 1193 '
295 1199 309 1243 1
345 1177 386 1242 ab
403 1175 555 1243 Oeoeano
576 1187 631 1242 ant
653 1201 672 1241 a
693 1179 770 1264 iuga
790 1179 948 1243 montium
968 1178 1099 1242 inchoa

294 1302 308 1346 8
345 1289 397 1344 tae
420 1290 506 1362 sunt,
536 1280 757 1346 ordinabiliter
776 1305 859 1366 quae
880 1280 921 1346 ab
945 1279 1098 1346 Ocoeano

294 1406 308 1449 9
345 1382 387 1448 ad
415 1386 492 1472 iuga
520 1393 552 1448 et
581 1407 663 1468 quae
692 1409 712 1450 1
739 1386 824 1472 iugis
853 1385 895 1450 ad
922 1408 1010 1449 mare
1032 1407 1099 1450 rna-

277 1509 308 1552 10
344 1511 445 1574 gnum
483 1489 683 1574 pertimere,
720 1512 910 1572 rursumque
948 1490 1100 1554 reiterata

277 1612 306 1656 11
343 1593 461 1656 vicinia
484 1617 503 1657 a
524 1595 604 1658 mari
626 1617 744 1680 magno
766 1592 808 1657 ad
829 1595 906 1680 iuga
928 1602 961 1656 et
979 1616 999 1656 1
1013 1593 1098 1678 iugis

276 1716 306 1760 12
344 1695 386 1759 ad
409 1694 597 1762 Oooeanum
625 1719 699 1760 oum
726 1696 831 1781 patria
853 1697 905 1760 vel
933 1696 1098 1781 provincia

275 1820 306 1864 13
344 1821 471 1883 quaque
499 1808 689 1886 perventum
717 1809 776 1864 est.
833 1809 865 1864 et
893 1808 930 1864 ut
958 1799 1098 1864 multilo-

275 1927 306 1971 14
344 1904 455 1986 quium
477 1907 605 1969 nomine
626 1905 804 1986 incurram,
833 1905 860 1968 ri
888 1925 1018 1968 sensum
1040 1903 1097 1968 fla-

274 2030 305 2074 15
342 2008 407 2094 gile
436 2031 526 2072 meus
553 2009 676 2074 variata
704 2016 760 2072 aut
784 2008 915 2072 levitate
939 2007 1097 2092 depressit

274 2134 305 2178 16
342 2120 379 2175 ut
401 2135 420 2176 1
441 2112 577 2197 praelati
604 2113 782 2176 instructus
806 2111 1006 2196 philosophis
1028 2135 1096 2175 rem

273 2239 304 2283 17
342 2215 394 2278 vel
417 2217 583 2280 materiam
603 2217 662 2280 1111
677 2237 748 2279 sum
763 2216 890 2280 tramite
904 2223 1095 2299 prosecutus

273 2342 304 2386 18
342 2319 533 2384 menbratim
570 2321 797 2402 inmimemque
837 2315 968 2384 Christo
1005 2317 1095 2382 adiu-

273 2445 304 2490 19
341 2433 448 2506 vante,
471 2433 503 2489 et
526 2447 622 2508 quam
645 2432 797 2508 exparte
820 2446 924 2507 quove
946 2424 980 2486 iu
994 2424 1094 2488 latere

271 2549 304 2594 ro
342 2549 399 2591 seu
423 2529 527 2614 eapite
557 2529 652 2593 sitam
677 2527 843 2611 proferens
865 2550 962 2590 unam
985 2526 1025 2591 ab
1049 2527 1094 2590 al-

271 2653 302 2698 11
340 2640 420 2714 tera,
443 2634 506 2697 uisi
520 2633 603 2696 forte
624 2651 712 2694 nuno
726 2631 909 2696 incursione
923 2631 975 2694 vel
990 2640 1094 2696 trans-

270 2759 302 2803 11
340 2737 516 2801 mutatione
539 2759 627 2801 more
655 2733 823 2800 barbarico
845 2735 938 2799 aliter
959 2757 1093 2800 numou-

270 2863 302 2908 23
338 2847 465 2924 pentur.

341 2972 535 3056 (Sequuntur
569 2982 719 3056 excerpta
749 2993 789 3034 eo
812 2973 945 3036 -lsidoro
974 2973 1091 3054 Hispa-

661 3075 769 3159 lensi.)

372 3234 445 3280 codex
464 3235 485 3280 b.
785 3233 818 3294 cf.
831 3235 890 3280 Rae.
903 3233 953 3280 384
974 3237 1006 3280 11
1019 3251 1053 3296 sq.

340 3321 353 3366 ὃ
382 3323 521 3380 ignorantur
541 3321 562 3366 1.
636 3321 666 3365 14
695 3323 803 3378 nomine}
820 3325 899 3379 potius
917 3324 1022 3369 minime.

637 3445 787 3452 ——.—.-—
