2872 4210
382 1096 398 1140 4

383 1201 397 1248 5

383 1307 397 1351 6

383 1415 397 1460 7

383 1517 398 1563 8

384 1625 398 1668 9

368 1727 399 1774 10

367 1835 397 1881 11

368 1940 399 1986 12

367 2045 398 2090 18

367 2147 405 2203 14¹

366 2247 397 2294 15

367 2353 398 2398 16

367 2457 398 2500 17

367 2559 398 2604 18

368 2664 399 2708 19

366 2765 398 2810 20

585 771 799 858 Tangsrenon

584 873 771 943 Deroibeon
823 882 825 886 ’

583 976 759 1042 Paraliton.

478 1079 568 1162 Quas
591 1080 735 1146 diversas
756 1079 877 1164 patrios
900 1079 993 1143 multi
1009 1077 1189 1164 descripse-

433 1195 508 1249 runt
529 1182 723 1269 philosophi,
751 1205 791 1248 ex
814 1182 930 1267 quibu-s
954 1205 1014 1269 ego
1036 1183 1101 1270 legi
1124 1184 1188 1248 Ar-

434 1288 550 1352 satium
573 1295 604 1350 et
627 1283 889 1352 Adfroditianum
903 1287 1031 1370 Persas,
1054 1288 1109 1372 qui
1127 1289 1189 1352 lin·

434 1413 499 1477 gua
510 1411 627 1476 graeca
639 1386 805 1454 Orientem
818 1389 1066 1476 descripserunt,
1082 1401 1114 1455 et
1126 1389 1189 1456 Ca-

434 1495 568 1558 storium
583 1491 800 1558 Romanorum
822 1494 1106 1581 cosmographum:
1129 1493 1188 1560 sed

434 1620 498 1661 non
521 1597 696 1680 aequaliter
717 1599 962 1663 nominaverunt
985 1599 1131 1663 civitates
1155 1607 1187 1663 et

434 1724 533 1785 supra
556 1700 692 1784 scriptas
714 1702 845 1786 patrias.
891 1725 952 1788 ego
974 1725 1050 1766 vero
1073 1724 1190 1766 secun·

434 1803 512 1868 dum
532 1804 712 1888 praefatum
735 1799 918 1870 Castorium
939 1814 1006 1869 tam
1032 1805 1119 1890 ipsas
1142 1805 1187 1870 oi-

433 1909 549 1972 vitates
565 1929 660 1991 quam
675 1906 802 1974 diverso
815 1909 947 1974 flumina
960 1907 1114 1993 liquidius
1129 1931 1188 1974 no-

434 2013 553 2076 minare
565 2012 669 2096 oupio.
708 2013 742 2076 in
758 2012 874 2097 quibus
890 2012 1033 2078 diversas
1050 2049 1091 2061 -
1107 2013 1186 2078 satis

432 2117 528 2202 longe
539 2115 666 2199 lateque
678 2116 820 2181 existunt
831 2118 1061 2202 spatiosissime
1068 2118 1187 2202 -plu·

433 2221 529 2284 rimas
551 2219 649 2284 fuisse
674 2219 820 2285 civitates
834 2221 982 2307 legimus,
1006 2244 1045 2285 ex
1069 2221 1186 2306 quibus

433 2324 612 2407 aliquantos
635 2321 804 2408 designare
826 2325 985 2407 volumus,
1007 2324 1042 2389 id
1064 2335 1114 2390 est

585 2425 698 2490 Arsita
720 2434 752 2489 ot

585 2527 716 2595 Sedona

570 2633 684 2718 ¹Irona

584 2739 694 2824 Arepa

436 2973 447 3016 1
477 2970 646 3030 Tangorenonl
669 2964 796 3041 Γάγγαρα
822 2969 905 3017 Pom
994 2971 1008 3016 2
1036 2971 1184 3028 Doroibeonl

432 3041 573 3110 Δερκέβιοι
590 3044 638 3088 sive
655 3043 800 3112 Δερβίκκαι
817 3041 880 3088 Pol.
958 3043 973 3088 8
1000 3041 1138 3100 paralithon
1155 3045 1185 3100 A,

433 3112 528 3159 Politen
546 3113 615 3170 editi‚·
637 3108 796 3183 Παραλάται
813 3113 951 3160 Herodoto!
978 3111 1107 3158 Porslocao
1125 3112 1186 3173 Sey-

433 3184 488 3229 thas
501 3183 557 3229 Ταῦ.
593 3186 727 3244 4patriasl
744 3186 881 3244 provincias
894 3186 959 3231 editi.
1002 3185 1120 3242 Sparsus
1133 3185 1184 3238 AB,

432 3253 516 3300 Persos
534 3255 599 3302 editi.
654 3258 668 3302 7
693 3270 761 3304 creos
778 3258 807 3302 A.
864 3258 895 3302 10
920 3269 990 3314 super
1007 3255 1038 3300 B.
1094 3256 1125 3300 13
1149 3255 1186 3300 di-

432 3326 506 3371 vorsis
524 3325 588 3372 editi.
616 3327 625 3372 ΙΙ
650 3333 707 3386 post
725 3328 831 3373 diversos
849 3327 906 3372 editi
924 3325 1015 3370 addunt
1037 3326 1095 3370 dum
1119 3327 1186 3370 uocis

432 3395 554 3442 inclusam.
620 3398 652 3443 14
680 3398 867 3456 spatiosissimas
886 3397 951 3442 editi.
1015 3395 1047 3441 15
1075 3396 1186 3442 civitates

432 3481 477 3512 om.
494 3467 523 3524 B,
552 3469 619 3514 micis
640 3467 755 3513 inclumm
778 3473 873 3525 ponunt
899 3467 956 3512 editi
977 3473 1036 3524 post
1061 3465 1185 3524 plurimos.

434 3539 465 3583 17
492 3537 587 3594 Arsital
609 3532 722 3608 Ἀρσῖτιε
737 3532 813 3607 χώρα
834 3537 898 3584 Ptol.
978 3537 1009 3584 18
1038 3537 1132 3582 sederis
1155 3538 1184 3594 A,

431 3601 540 3670 Σιδώνη
559 3608 639 3654 Pom
650 3607 762 3669 fortasse
780 3613 804 3654 et
821 3622 873 3654 oum
891 3607 988 3656 Sedono
1005 3606 1175 3668 oonimymda.
