2562 3996
266 373 319 426 540

285 549 298 592 1
487 526 684 611 Appollonia

284 651 299 696 2
487 629 614 713 Apsum

284 754 299 801 3
487 729 635 797 Genesis.

283 860 299 903 4
364 831 437 902 113.
481 834 676 921 Epidamno,
695 857 777 919 quae
793 837 1091 919 nuncDirachium,

284 961 299 1006 5
336 937 533 1022 amplissima
547 940 623 1003 olim
646 961 684 1004 ac
703 939 928 1005 famosissima.
974 941 1090 1006 heeca

285 1063 299 1109 e
336 1039 433 1104 Zitho
459 1043 556 1106 fratre
579 1043 773 1129 Amphionis
803 1043 951 1127 condita,
979 1045 1091 1110 inven-

285 1169 299 1214 ⁷
335 1153 405 1208 tore
434 1145 558 1210 scilicet
585 1147 681 1229 lirae,
712 1148 797 1210 inter
824 1156 932 1212 cetera
960 1149 1011 1212 sui
1040 1171 1091 1212 or-

284 1265 299 1309 e
335 1257 431 1314 natus
453 1250 643 1336 Asclepium
671 1249 823 1316 habuisse
851 1252 963 1316 fertur.
1008 1273 1090 1335 quae

284 1369 298 1413 e
336 1349 413 1415 dum
446 1375 465 1416 a
495 1353 680 1419 consulibus
710 1354 930 1420 Romanorum
958 1378 1017 1439 per
1045 1355 1091 1418 le-

267 1474 299 1518 10
335 1464 429 1540 gatos
450 1467 640 1542 posceretur
662 1469 698 1522 ut
721 1458 783 1524 sibi
807 1457 847 1521 de
869 1459 1088 1542 prestantiori-

267 1577 298 1623 11
335 1557 397 1623 bus
420 1561 486 1624 suis
507 1562 643 1647 insignis
666 1561 789 1646 aliquid
810 1562 992 1648 largiretur,
1014 1561 1091 1626 dum

267 1683 298 1727 12
335 1662 532 1728 arbitrantur
543 1687 577 1730 se
590 1666 769 1750 susceptori
775 1664 977 1750 Asclepium,
992 1664 1090 1729 draco

267 1789 298 1832 13
333 1767 573 1833 inmanissimus
595 1768 769 1834 adveniens
796 1791 867 1833 eam
888 1768 1088 1833 medietenus

266 1891 298 1937 14
334 1873 427 1954 quasi
455 1872 599 1937 salutans
627 1874 830 1959 pertransiit,
864 1895 903 1937 ac
930 1874 1090 1938 neminem

265 1997 297 2042 15
333 1974 466 2040 laedens
488 1976 523 2039 in
550 1999 647 2061 prora
673 1978 764 2041 navis
786 1976 967 2062 legatarum
988 1987 1090 2042 semet

266 2103 297 2146 re
334 2080 531 2163 composuit,
565 2090 599 2144 et
632 2101 706 2144 cum
736 2081 782 2144 eis
816 2079 954 2145 Romam
987 2103 1090 2165 usqne

265 2206 297 2250 17
333 2183 490 2265 perrexit,
521 2205 560 2246 ac
589 2183 637 2248 sic
660 2182 798 2248 Romam
820 2192 857 2247 ut
878 2186 1090 2269 praemissum

265 2308 298 2353 ιε
334 2293 384 2348 est
404 2308 464 2370 pro
486 2285 641 2372 Asclepio
671 2285 844 2351 draconem
866 2288 1089 2373 impiissimum

265 2411 296 2456 19
333 2396 410 2452 sunt
431 2388 551 2474 adepti.
602 2391 636 2454 in
665 2413 703 2454 ea
732 2413 859 2474 quoque
882 2391 1089 2476 postmodum

263 2515 296 2561 ao
333 2502 464 2557 sanetus
487 2492 636 2559 Andreas
659 2495 825 2578 apostolus
850 2517 951 2559 unum
974 2494 1015 2558 de
1037 2518 1088 2560 se·

263 2621 294 2665 21
331 2598 502 2683 ptuaginta
523 2598 677 2682 apostolis
706 2599 893 2684 episcopum
915 2597 1086 2680 ordinavit,

262 2723 295 2769 22
332 2701 389 2784 qni
403 2702 507 2785 primo
527 2703 655 2765 nomine
671 2699 773 2766 Cesar
793 2702 901 2767 dictus
917 2712 977 2782 est,
999 2725 1085 2768 nune

262 2825 295 2870 23
331 2829 408 2869 vero
426 2805 540 2869 Aetius
564 2829 584 2869 a
605 2805 729 2871 civibus
752 2805 901 2870 eiusdem·
918 2805 1007 2871 urbis
1029 2831 1086 2872 no-

262 2925 296 2971 24
331 2910 485 2986 minatur,
520 2910 575 2992 qui
607 2919 780 2994 postquam
814 2929 870 2972 eos
904 2909 1084 2976 emundatis

262 3027 294 3072 25
330 3012 532 3096 squaloribus
560 3013 765 3077 tenebrarum
799 3012 842 3077 ad
867 3013 974 3076 lucem
1000 3015 1085 3078 veri-

365 3237 438 3282 code:
457 3237 478 3282 ὸ.
780 3237 813 3298 cs.
823 3239 882 3283 Rur.
896 3240 948 3284 378
968 3241 1000 3284 15
1013 3255 1048 3299 sq.

333 3360 363 3402 19
391 3359 488 3415 adepti}
506 3360 595 3416 adeptu
614 3359 636 3402 b.
