2710 4004
346 381 398 436 432

367 555 378 598 1

365 656 379 700 2

364 761 379 805 3

363 864 381 910 4

365 967 380 1012 5

366 1071 380 1115 6

366 1174 380 1218 7

366 1279 381 1321 8

368 1380 382 1424 9

353 1483 381 1528 10

350 1588 380 1631 11

350 1691 381 1736 12

350 1793 381 1839 13

350 1900 381 1943 14

350 2003 380 2048 15

567 531 747 596 Devovicia

498 621 501 626 ¹
567 635 667 700 Dixio

566 735 763 826 Lugundino

568 839 740 927 Coganges

567 941 663 1009 Coria

566 1047 793 1133 Lopocarium.

461 1151 584 1216 Iterum
608 1162 684 1216 sunt
707 1151 854 1216 civitates
870 1150 904 1213 in
919 1149 990 1234 ipsa
1003 1147 1173 1212 Britannia

418 1277 500 1339 quae
522 1263 611 1320 recto
634 1253 762 1319 tramite
785 1252 826 1318 de
850 1276 914 1318 una
935 1261 1025 1337 parte
1048 1252 1081 1314 in
1097 1251 1170 1332 alia,

419 1357 453 1423 id
476 1367 525 1424 est
548 1357 588 1422 de
604 1355 737 1423 Oceano
752 1358 786 1422 in
802 1353 934 1423 Oceano
957 1355 1110 1435 existunt,
1133 1375 1171 1418 ac

418 1461 567 1526 dividunt
589 1463 622 1526 in
645 1462 741 1526 tertia
762 1462 909 1546 portione
924 1460 1027 1544 ipsam
1043 1458 1171 1522 Britan-

417 1567 514 1648 niam,
536 1565 570 1630 id
592 1574 642 1630 esi

567 1667 714 1736 Serduno

567 1770 737 1838 Condecor

569 1876 750 1942 Vindovala

568 1979 665 2046 Onno

568 2081 715 2150 Celunno

567 2187 723 2252 Brocoliti

568 2291 738 2356 Velurtion

566 2394 665 2459 Esica

568 2497 682 2562 Banna

421 2732 433 2775 1
463 2730 585 2777 deuouitia
603 2733 631 2790 A,
660 2731 802 2791 Delgovicia
820 2734 875 2778 Aac.
939 2734 953 2779 3
981 2732 1122 2792 lugunduno
1141 2733 1169 2777 A.

420 2803 435 2846 4
462 2804 620 2860 cegangasil,
648 2801 799 2862 Concangios
816 2803 986 2864 Notitiadiqa.
1042 2803 1055 2849 5
1084 2797 1170 2872 Κόρια

418 2869 482 2917 Ptol.
550 2874 564 2916 7
591 2874 697 2920 britania
713 2872 762 2920 BC.
826 2875 840 2918 9
869 2875 985 2931 existunt,
1003 2877 1044 2930 acl
1063 2875 1171 2921 existunt

419 2943 465 2988 iaci
495 2941 523 2999 0,
560 2947 585 2990 ct
610 2945 699 2990 sistunt
725 2944 772 2989 iaci
798 2944 850 3001 ΑΒ,
887 2951 911 2990 et
938 2943 1078 2992 Sistuntiaci
1105 2946 1171 2990 edili.

421 3014 452 3059 10
480 3014 555 3059 tercia
567 3016 681 3072 porcione
699 3013 746 3060 Bc.
775 3015 785 3060 ΙΙ
810 3015 915 3062 britania
932 3014 981 3062 BC.
1038 3017 1069 3061 12
1098 3015 1170 3076 Sege-

420 3085 483 3130 duno
502 3083 597 3130 Naana
615 3086 680 3146 dion.
736 3086 767 3132 13
792 3084 916 3132 Conderco
935 3087 991 3131 edio·
1009 3101 1060 3132 cam
1078 3088 1171 3132 Noliiz'a

419 3154 484 3215 diqa.
558 3157 590 3201 14
617 3155 755 3202 Vindobala
772 3155 866 3202 Notitio
884 3156 948 3216 diqa.
1023 3159 1053 3203 15
1081 3158 1170 3204 Hunno

419 3225 513 3272 Notitia
536 3225 600 3287 diya.
674 3227 704 3272 16
734 3225 844 3274 celumnc
867 3227 918 3284 ΑΟ,
956 3227 1054 3276 Cilurno
1077 3229 1170 3275 Notitio

420 3295 484 3355 ὤρη.
540 3297 571 3344 17
600 3296 730 3344 Procolitia
747 3297 840 3344 Notitia
858 3299 922 3359 diya.
983 3301 1014 3345 18
1043 3299 1170 3347 Voluriion

420 3365 484 3410 editi.
540 3367 571 3410 19
599 3367 685 3413 Aesica
702 3367 802 3414 editici
819 3369 911 3416 Notitia
930 3369 993 3430 diqa.
