2872 4210
352 629 387 683 6⁰

372 801 382 844 1

370 903 385 950 2

370 1007 386 1053 8

370 1111 386 1156 4

371 1214 385 1259 h

371 1315 386 1360 6

372 1421 386 1465 7

371 1526 387 1570 8

372 1629 386 1674 9

356 1733 387 1778 10

356 1837 386 1882 11

357 1939 387 1985 12

356 2042 387 2087 18

356 2145 389 2190 14

356 2249 450 2296 16.

356 2354 388 2398 ta

357 2457 388 2502 17

356 2559 389 2605 18

356 2659 388 2705 19

354 2761 388 2809 20

1113 633 1171 681 tta

466 775 506 840 In
529 797 593 859 qua
607 773 753 839 Arabum
776 775 880 859 patria
897 797 936 838 ex
952 773 1084 842 Oceano
1107 803 1172 843 mc-

421 878 545 944 ridiano
572 878 759 964 pertingens
787 878 943 944 maximus
972 881 1061 946 sinus
1090 881 1173 947 Ara·

421 983 514 1048 bious
538 1005 607 1047 esse
631 979 835 1062 describitur,
864 982 919 1065 qui
942 993 974 1047 et
996 1007 1082 1048 mare
1105 984 1173 1051 Ru·

422 1086 516 1150 brum
540 1109 610 1150 esse
634 1084 866 1149 manifestatur.

455 1187 489 1257 8.
533 1189 618 1258 Item
647 1185 689 1252 ad
711 1196 835 1272 partem
864 1189 955 1271 quasi
984 1193 1174 1275 septentrio-

423 1292 539 1374 nalem,
561 1293 652 1356 iuxta
665 1291 829 1377 regionem
844 1313 940 1374 quam
957 1293 1173 1377 praediximus

423 1395 632 1476 Parthorum,
666 1403 716 1459 est
747 1393 852 1478 patria
882 1416 963 1476 quae
996 1398 1175 1482 appellatur

423 1499 609 1585 Hyrcaniae
637 1499 737 1562 sinus.
789 1517 870 1580 quae
897 1496 1065 1583 Hyrcania
1098 1500 1175 1566 dum

423 1604 457 1667 in
479 1602 613 1689 longum
634 1602 780 1686 ponitur,
808 1601 904 1665 etiam
934 1623 1007 1666 cum
1029 1605 1175 1689 superius

424 1704 512 1770 diota
526 1703 622 1770 India
636 1703 748 1771 Serica
762 1702 956 1790 adiungitur.
991 1727 1072 1789 quae
1087 1707 1176 1793 Hyr-

424 1809 517 1874 cania
537 1806 636 1873 habet
657 1807 850 1893 provinciae,
862 1805 905 1884 id
928 1817 977 1872 est

576 1910 783 1976 Mardianum

576 2015 760 2080 Derbiceon

576 2115 739 2184 Cadusion

574 2222 684 2288 Eroon

574 2324 655 2391 Issis

575 2427 685 2494 Eeidis
708 2425 854 2512 Scythen

564 2532 656 2601 ,Ytio
678 2530 826 2616 Scythen

576 2633 867 2721 SaoensScython

576 2738 740 2824 Tapurion

425 2905 438 2948 1
459 2902 586 2949 amborum
607 2901 633 2946 Δ.
681 2901 694 2945 7
714 2899 864 2957 Parthorum}
882 2901 985 2960 patriam
1003 2902 1032 2946 A.
1051 2901 1061 2945 ΙΙ
1081 2905 1117 2946 eat
1134 2915 1178 2960 pa·

423 2973 470 3020 tria
488 2985 549 3031 quae
573 2985 616 3018 om.
630 2972 659 3016 A.
714 2972 729 3018 8
756 2972 854 3031 yrcanie
873 2971 922 3025 AB,
952 2973 1026 3017 etsie
1044 2970 1177 3032 aliquoties.

422 3045 519 3104 Hsynua
537 3043 564 3088 Α
622 3043 653 3088 10
678 3043 756 3102 syrica
773 3042 802 3099 B,
828 3042 922 3100 syriaca
939 3043 974 3096 A,·
997 3055 1072 3100 capro
1090 3042 1123 3088 tt
1143 3044 1175 3088 15

422 3117 510 3162 rectius
520 3111 602 3160 Serica
620 3113 630 3158 ΙΙ
646 3111 810 3172 adiunguntur
821 3112 871 3156 AB.
911 3111 941 3155 12
960 3110 1103 3159 Mardianon
1112 3112 1177 3170 editi,

422 3187 547 3233 Mardiane
569 3184 625 3230 Tab.
673 3184 705 3228 14
729 3182 862 3227 caudueion
880 3181 902 3226 B
921 3181 984 3226 editi.
1031 3183 1062 3229 15
1082 3183 1177 3240 Eroonl

422 3253 609 3304 HiroaeTab.1
658 3253 689 3298 16
709 3251 754 3297 Issi
772 3250 836 3297 Plio.
887 3252 919 3297 17
943 3251 1016 3298 acidia
1034 3253 1129 3299 soithon
1146 3254 1176 3311 Β,

422 3328 495 3374 aridis
514 3327 595 3373 rithon
614 3327 642 3381 A,
670 3321 805 3367 Essedones
825 3320 930 3382 Scythae
952 3321 1007 3368 raa
1065 3324 1096 3370 18
1125 3325 1177 3383 ytio

421 3399 503 3446 tithon
515 3398 545 3454 B,
564 3396 616 3456 ytio
635 3392 725 3439 sithion
737 3393 766 3446 A,
786 3390 843 3438 orio
856 3391 960 3452 Scythae
982 3393 1038 3438 rat.
1085 3395 1117 3440 19
1141 3408 1180 3441 aa·

422 3467 582 3516 cenraithion
600 3463 630 3519 B,
654 3473 738 3509 tacens
756 3462 837 3508 sithon
855 3465 883 3520 A,
904 3461 982 3522 Sagae
995 3463 1100 3524 Scythae
1122 3465 1178 3511 Ταῦ.

421 3541 432 3586 ΙΙ
445 3553 528 3586 reeens
547 3536 628 3583 sithen
647 3539 702 3580 ante
719 3533 772 3593 yrio
791 3533 880 3580 aithion
894 3536 965 3593 ponit
982 3536 1011 3580 Α.
1067 3535 1099 3582 20
1127 3538 1178 3586 Τα-

421 3604 546 3678 πούρειοι
564 3611 587 3652 et
608 3599 745 3674 Τάπουροι
763 3603 826 3650 Prot.
