2562 3996
177 401 259 436 cuno
280 391 327 438 127
948 391 1002 443 553

196 563 208 608 1
245 535 426 622 procedunt
447 535 589 618 flumina,
612 559 653 600 ex
673 535 790 619 quibus
806 537 1000 622 praecipuus

194 667 209 712 2
245 640 280 704 in
302 637 472 706 Oceanum
492 639 620 726 mergit,
643 641 699 723 qui
715 649 850 704 vocatur
864 639 999 727 Raugis.

195 763 209 808 a
246 743 327 808 alter
342 735 469 828 quoque
486 743 528 808 ad
542 742 731 808 Danubium
745 743 881 810 tendens
897 744 1001 810 eidem

194 865 210 910 4
247 847 432 932 copulatur,
461 848 516 932 qui
539 847 659 913 dicitur
680 847 800 933 Apion.
852 849 1000 914 civitates

194 967 209 1014 s
245 973 333 1032 vam,
349 952 425 1034 quia
440 962 538 1035 caret,
553 974 615 1018 nec
628 952 822 1038 ingessimus
837 953 978 1018 omnino,

195 1071 209 1115 s
289 1054 412 1120 Iterum
440 1054 596 1143 Scythas,
623 1054 830 1142 postmodum
858 1055 1000 1122 Refenos

195 1175 209 1219 7
246 1167 343 1242 atque
366 1156 603 1243 Cerdefennos,
632 1183 744 1225 verum
767 1160 864 1225 etiam
886 1161 999 1226 Danos

194 1280 209 1325 e
245 1283 371 1327 necnon
393 1272 425 1328 et
447 1263 604 1347 Saxones,
625 1265 778 1329 Frisones
801 1264 908 1328 etiam.

194 1385 209 1430 a
277 1365 352 1436 127.
397 1367 494 1434 quta
520 1391 648 1454 quoque
670 1366 808 1432 cundem
831 1364 1000 1432 Oceanum

178 1487 210 1532 10
246 1472 427 1537 confinatur
444 1465 446 1472 ’
465 1471 609 1537 eiusdem
647 1471 826 1538 Sarmatiae
863 1469 1000 1558 Scythia

178 1592 209 1636 11
246 1597 329 1658 quae
352 1577 481 1640 omnino
496 1575 654 1642 harenosa
670 1577 789 1640 existit.
836 1599 933 1660 quam
952 1577 1000 1641 vi·

179 1695 211 1740 ra
247 1677 365 1742 delicet
396 1679 532 1763 praelati
568 1677 768 1763 descripsere
797 1679 999 1765 philosophi3

179 1799 211 1844 18
246 1781 316 1866 ipse
330 1803 407 1845 vcro
429 1782 521 1846 iuxta
531 1778 725 1846 Sardonium
742 1805 812 1846 eam
826 1783 999 1848 nominavi.

179 1903 212 1948 14
246 1893 321 1970 post
335 1883 422 1950 idem
433 1882 585 1950 Oceanus
600 1885 827 1972 innavigabilis
839 1909 910 1951 esse
925 1909 1000 1971 pro-

179 2005 210 2052 15
246 1988 352 2054 batur.
1040 1976 1041 1980 Ἰ

177 2109 211 2154 16
270 2117 274 2125 ’
291 2093 375 2159 Item
397 2113 491 2159 secus
506 2089 675 2179 Scythiam
697 2093 731 2156 in
746 2089 860 2156 eodem
875 2089 1000 2157 Oceani

178 2213 210 2258 17
246 2198 339 2263 litore
354 2197 460 2284 patria
473 2197 604 2283 ponitur
618 2195 843 2261 Rerifenorum
859 2205 891 2261 et
906 2193 1000 2262 Scer-

280 2395 373 2444 codicas
391 2393 441 2458 bfc.
478 2393 512 2456 cf.
524 2396 585 2442 Rau.
598 2394 649 2442 200
668 2394 701 2442 11
715 2407 751 2454 sq.
770 2400 793 2440 at
811 2393 862 2442 324
882 2359 915 2440 1'1
929 2409 964 2454 sq.

251 2527 263 2570 1
292 2525 484 2584 praeamantis,
511 2525 645 2583 precedunt
662 2523 685 2570 b.
735 2524 749 2570 2
776 2524 802 2570 in
820 2537 900 2569 cm.v.
924 2524 934 2570 ΙΙ
960 2537 1000 2569 oc-

247 2609 347 2642 ceanum
366 2593 396 2656 bf
411 2601 434 2641 ct
451 2597 486 2642 sic
504 2595 621 2654 deinceps.
658 2594 667 2640 ΙΙ
701 2594 806 2659 Raugis]
828 2594 919 2654 Bangis
939 2594 999 2640 Rau.

247 2667 262 2712 3
290 2667 396 2712 eiusdem
424 2664 459 2727 bf.
522 2667 536 2712 6
564 2666 670 2726 scythias
694 2680 720 2723 v,
748 2666 821 2712 scitas
845 2663 879 2726 bf,
908 2664 1001 2712 scilicet

247 2736 358 2783 Oceanus
380 2738 459 2796 tangit
480 2734 591 2797 Scythas.
622 2736 632 2782 11
657 2736 775 2796 rephenos
793 2751 814 2782 c.
879 2735 893 2782 7
919 2736 1000 2782 cerde-

245 2809 338 2866 phanes
349 2822 370 2853 r.
427 2810 442 2855 8
466 2807 605 2854 saxencsb.
628 2807 638 2854 11
657 2807 776 2862 Frisonesl
789 2811 814 2854 et
822 2807 954 2866 phrixones
978 2821 999 2852 v.

247 2880 279 2924 10
299 2879 454 2925 confinantv.
481 2878 491 2924 ΙΙ
517 2877 659 2934 Sarmatiae]
672 2878 785 2924 sarmacia
792 2875 819 2938 f.
847 2877 856 2924 ΙΙ
881 2878 951 2924 scitia
964 2875 998 2938 bf.

247 2951 279 2996 11
307 2951 424 2997 harenosa
446 2946 481 3010 bf,
509 2954 622 2996 aestuosa
643 2949 712 3006 Rea,
740 2950 866 2996 heramosa
882 2948 934 2995 551
956 2948 1000 2994 18.

245 3021 357 3067 ttexistet
379 3020 402 3066 b.
475 3021 507 3066 la
535 3021 606 3066 iuxta
623 3034 669 3066 om.
681 3017 708 3080 f.
779 3019 811 3065 14
839 3024 945 3066 occeansr
964 3017 999 3080 bs,

246 3103 362 3138 oceanum
385 3105 408 3138 v.
451 3090 463 3138 ΙΙ
506 3090 694 3150 innavigabilam
718 3105 740 3137 c.
816 3091 846 3137 16
872 3091 943 3138 scitia
964 3088 999 3151 bf.

245 3162 369 3209 llccccanc
387 3159 417 3222 bf
430 3159 538 3222 attasi-a
554 3161 606 3208 554
627 3162 651 3208 9.
707 3162 738 3209 17
757 3160 839 3208 littore
854 3175 877 3208 v.
904 3161 914 3208 ΙΙ
943 3162 1000 3208 reri-

245 3233 378 3292 phencrum
396 3247 417 3289 v,
445 3233 617 3280 rerisennorum
636 3230 672 3292 tf.
708 3233 718 3278 11
752 3233 959 3280 scerdifennorum
971 3230 997 3293 f,

245 3304 444 3350 scerdisemorum
462 3303 485 3350 b.
