2710 4004
314 351 366 408 ⁴⁰2
1003 369 1085 406 ovum
1104 359 1136 404 21

334 525 346 568 1
385 500 510 568 scilicet
531 525 596 567 non
618 502 722 570 solum
744 502 922 584 nobilitate,
946 502 1004 568 sed
1026 513 1059 568 et
1080 526 1137 568 au·

332 628 347 672 a
384 613 477 670 tentu
510 606 599 692 regio
632 607 716 670 inter
750 615 873 672 ceteras
902 607 979 670 olim
1009 607 1135 688 celsior,
1225 605 1227 610 ’

332 731 346 776 3
383 731 471 773 nimo
498 708 559 774 deo
581 710 708 774 volente
737 709 893 796 dignitate
916 711 1136 775 ecclesiastica

332 835 347 879 4
384 822 480 898 atque
508 814 701 900 pontificali,
730 814 897 878 martirum
924 813 959 876 in
982 836 1020 877 ea
1043 834 1135 877 coru-

332 939 346 984 s
383 917 544 982 scantium
572 917 694 982 meritis
720 917 873 983 famosior
902 916 1058 981 excelsior
1080 939 1135 982 ex·

332 1043 346 1086 s
384 1020 510 1084 colitur.

331 1149 345 1192 7
416 1121 467 1190 21.
513 1123 597 1188 Item
620 1120 759 1188 Cesarea

330 1257 344 1301 g
534 1225 656 1292 Classis

330 1362 344 1406 9
532 1331 714 1396 Ariminum

314 1457 345 1502 1o
531 1434 703 1500 Pisaurum

313 1564 343 1608 11
531 1539 657 1603 Fanum

314 1670 344 1714 12
531 1641 714 1728 Senegallia
736 1665 818 1727 quae
842 1653 873 1708 et
896 1641 1082 1728 Senogallia
1113 1667 1118 1676 ··

313 1778 345 1823 18
531 1745 643 1814 Sextia

313 1882 345 1927 14
532 1852 671 1918 Ancona

311 1986 342 2032 lc
529 1955 683 2020 Humana

311 2093 342 2138 16
397 2046 400 2054 ¹
529 2055 681 2124 Potentia

310 2195 341 2240 1⁷
529 2161 665 2228 Sacrata

311 2297 342 2342 18
529 2266 650 2331 Flexor

310 2399 341 2444 19
527 2369 685 2435 Pausulae

308 2501 341 2548 20
528 2473 652 2540 Pensas

309 2605 341 2651 21
529 2575 658 2644 Sabinis

309 2707 341 2754 22
526 2681 685 2748 Asculum

411 2881 503 2928 codices
521 2879 594 2942 bsmr.
839 2882 872 2944 cf.
885 2884 944 2931 Rav.
958 2885 1009 2931 258
1029 2885 1043 2930 7
1056 2900 1091 2946 sq.

379 2989 391 3033 1
420 2986 495 3048 sets.
523 2987 533 3032 ΙΙ
559 2993 583 3033 et
600 3001 645 3034 om.
663 3003 708 3034 mr.
763 2990 779 3035 4
806 2993 887 3050 atque}
906 3005 934 3037 ae
952 3006 997 3037 mr.
1025 2991 1035 3038 ΙΙ
1059 3005 1128 3038 coru-

375 3060 499 3105 scaneium
519 3056 545 3118 f,
582 3060 770 3106 corruscantium
798 3061 833 3120 br,
876 3063 1070 3109 oonruscantium
1096 3077 1125 3107 m.

377 3129 391 3176 5
420 3129 553 3186 excolitur]
572 3129 671 3176 excellit
689 3129 723 3191 bs.
797 3134 811 3178 7
840 3146 934 3180 cesores
953 3133 975 3179 b.
1031 3135 1061 3180 10
1085 3147 1127 3192 pe-

375 3214 454 3247 sarum
467 3199 503 3260 bs.
553 3202 584 3246 12
604 3201 751 3261 Senegnllia}
764 3203 895 3262 senegallia
906 3219 950 3261 mr,
970 3204 1092 3264 senegalia
1104 3204 1125 3250 b.

378 3273 410 3316 14
438 3273 550 3318 anchona
566 3271 601 3333 bf.
675 3274 706 3320 16
735 3275 847 3333 potencia
858 3273 885 3335 f.
959 3277 989 3320 18
1018 3276 1087 3321 fleror
1098 3274 1124 3336 s.

377 3343 408 3387 ‘ll
434 3343 519 3388 sibinis
531 3341 558 3403 s.
