2872 4210
365 559 401 610 3¹!
1121 563 1136 609 I
1155 565 1190 612 14

384 729 398 774 1
435 705 464 768 si
484 715 578 768 sexta
599 704 678 767 liora
699 705 797 768 sicuti
818 704 1189 772 lacimrrsmed'nuocte

382 832 399 877 2
434 806 643 889 determinat,
674 832 754 896 crgo
784 829 956 892 possumus
987 812 1137 894 nuperius
1166 835 1189 874 a

382 935 399 980 a
434 913 538 996 prima
559 911 639 976 hora
659 911 828 996 usquead
850 915 1188 1001 sextampertingere3

381 1036 400 1081 4
435 1014 553 1079 dehinc
574 1017 708 1080 inferius
729 1041 751 1079 a
770 1027 864 1080 sexta
884 1039 988 1100 usque
1009 1017 1053 1081 ad
1066 1018 1190 1084 duode-

383 1140 399 1186 5
435 1120 551 1183 cimam
565 1119 678 1183 horam
692 1121 798 1184 noctis
811 1120 1053 1206 supputandum
1069 1124 1188 1208 explet.

383 1240 399 1286 c
435 1246 510 1287 uam
524 1233 562 1287 ut
577 1224 694 1288 clarius
707 1224 886 1308 loquamur,
903 1227 1013 1288 inveni
1026 1227 1060 1289 iu
1074 1237 1191 1292 sancta

384 1345 399 1389 7
435 1328 596 1412 scriptma
609 1329 797 1392 nominatim
810 1331 940 1393 tertiam
956 1329 1069 1392 horam
1082 1331 1189 1395 noch's

383 1451 400 1497 s
434 1431 620 1512 manifeste,
646 1433 731 1496 sicut
752 1434 787 1496 iu
807 1432 949 1496 Actibus
969 1433 1189 1517 apostolorum

385 1556 401 1602 a
435 1535 592 1620 scriptum
607 1545 658 1599 est
680 1537 824 1615 ,vocatis
842 1535 992 1600 tribunus
1007 1535 1135 1601 duobus
1146 1535 1188 1601 dc

369 1659 401 1704 ιο
437 1637 679 1703 centurionibus
692 1637 774 1703 dixit
786 1639 861 1719 illis,
869 1649 1059 1724 praeparate
1069 1641 1189 1705 milites

368 1765 399 1808 11
436 1742 595 1806 ducentos
605 1741 1190 1828 uteantusqueCaesarcamethui-
1266 1821 1271 1824 ,

368 1867 400 1912 12
435 1855 486 1910 tes
508 1846 715 1932 septuaginta
735 1857 768 1910 et
788 1847 966 1912 lancearios
987 1847 1147 1913 ducentos
1167 1872 1189 1912 a

368 1971 401 2017 ιε
435 1950 532 2014 tertia
544 1949 625 2014 hora
637 1951 743 2015 noctis
755 1961 789 2016 et
803 1953 981 2016 iumentum
999 1962 1189 2038 praeparate

367 2079 402 2126 14
436 2061 470 2118 et
491 2054 693 2139 imponentes
714 2056 853 2120 Paulum
874 2057 1001 2122 salvum
1020 2055 1189 2142 perducite

367 2182 401 2230 ιε
436 2156 479 2223 ad
499 2157 877 2252 Felicempraesidem.“

368 2289 401 2335 lc
469 2261 522 2330 15.
567 2261 635 2329 Scd
656 2273 689 2328 et
710 2266 738 2330 si
761 2266 940 2350 capacitate
961 2262 1058 2327 huius
1079 2261 1127 2326 rei
1139 2261 1189 2325 in·

367 2389 400 2436 17
436 2363 602 2453 dagataris
623 2368 717 2453 plura
744 2367 971 2451 inquirendum
997 2388 1112 2430 sensus
1133 2387 1190 2429 va·

368 2495 401 2543 1⁸
436 2471 573 2556 gaverit,
595 2480 629 2534 et
649 2493 708 2556 per
728 2471 879 2536 horarum
892 2470 998 2534 noctis
1012 2478 1190 2554 supputan-

369 2599 401 2646 ιο
437 2572 516 2638 dum
538 2574 659 2658 patrias
680 2575 900 2639 testimonium
922 2583 959 2637 ut
981 2571 1118 2657 adipisci
1131 2595 1190 2636 no-

367 2701 401 2748 no
435 2677 532 2743 luerit
554 2677 686 2742 idiotico
707 2702 807 2760 more,
828 2677 966 2742 dicimus
985 2677 1039 2740 vel
1051 2677 1190 2761 patriam

367 2803 400 2852 al
437 2782 613 2847 assimilare
635 2781 762 2866 debeat,
783 2783 819 2848 id
840 2791 902 2864 est,
928 2803 1009 2866 quas
1030 2780 1065 2844 in
1085 2780 1190 2866 prima

367 2910 400 2958 aa
437 2885 501 2951 dici
529 2888 649 2974 patrias
672 2911 743 2953 esse
766 2885 1022 2973 designavimus,
1050 2893 1084 2948 et
1109 2895 1189 2949 tunc

368 3014 402 3062 aa
436 2989 479 3058 ad
512 2991 649 3057 frontem
678 2991 821 3058 eiusdem
847 2990 971 3076 patriae
998 2989 1190 3075 septentrio-

439 3181 451 3225 1
480 3179 584 3225 mediam
602 3185 698 3226 noctem
716 3178 780 3225 editi.
834 3179 849 3225 2
878 3179 1024 3238 adprimam
1035 3179 1120 3225 horam
1136 3178 1188 3223 AB.

438 3251 504 3295 ss-7
534 3251 747 3296 ut-nominatim
765 3265 810 3296 om.
828 3251 916 3296 Porclr.
998 3251 1013 3295 '1
1041 3252 1141 3296 terciam
1157 3249 1188 3306 B,

436 3325 460 3366 et
481 3322 515 3366 sic
538 3324 639 3380 saepius.
721 3322 735 3366 9
763 3323 856 3368 vocatis
874 3323 998 3378 tribunus}
1022 3323 1085 3367 Acta
1105 3322 1188 3379 Aport.

438 3391 471 3436 23
490 3393 532 3437 23.
550 3391 561 3438 ΙΙ
580 3405 670 3438 vocans
678 3392 708 3438 B.
727 3391 736 3437 ΙΙ
755 3393 859 3438 tribunis
867 3395 896 3438 A.
952 3394 985 3438 14
1003 3393 1147 3450 inponentes
1157 3392 1187 3442 B.

440 3463 469 3508 17
499 3463 640 3522 inquirondo
659 3463 723 3508 aditi.
773 3463 804 3507 18
832 3464 904 3509 horas
922 3462 988 3508 aditi.
1006 3462 1017 3506 ΙΙ
1035 3464 1188 3522 supputando

436 3532 502 3580 editt.
592 3535 625 3580 20
652 3533 760 3594 ydiotlco
783 3532 813 3577 B.
908 3533 941 3579 28
969 3531 1140 3590 aeptctrioualc
1161 3533 1184 3577 Β
