2562 3996
269 364 324 418 554
940 379 1022 414 ormo
1043 367 1091 414 128

290 536 303 580 1
340 511 530 578 difenorum.
575 511 667 576 ouius
681 512 804 597 patriae
818 511 976 594 homines,
996 521 1034 577 ut
1048 513 1093 576 ait

289 639 304 684 a
340 615 542 680 Athanarioh
558 613 740 680 Gothorum
753 615 975 703 philosophus,
996 637 1092 702 rupes

289 744 304 788 s
340 720 499 784 montium
523 719 705 784 inhabitant
739 728 771 784 et
797 729 916 784 venatu
945 731 1013 786 tam
1033 719 1093 784 viri

288 850 305 894 4
341 845 437 906 quam
460 831 493 886 et
521 823 670 888 mulieres
692 823 822 905 vivunt,
849 847 933 909 pane
954 825 1092 908 vinoque

290 953 304 999 5
340 935 488 1012 expertes
511 935 607 1010 atque
628 927 734 1013 ignari
755 929 895 993 omnino.
940 951 1022 1012 quae
1036 951 1093 1014 pa-

288 1059 303 1104 s
339 1031 403 1096 tria
429 1053 527 1116 super
552 1053 663 1095 omnes
692 1030 772 1096 alias
800 1031 918 1119 frigida
944 1054 1015 1098 esse
1038 1030 1093 1096 de·

289 1164 303 1207 7
341 1132 502 1199 scribitur.

290 1259 304 1303 s
374 1235 449 1305 128.
495 1234 598 1303 Seous
616 1235 746 1302 eosdem
761 1259 888 1322 quoque
903 1236 1093 1305 Soerdefen-

228 1343 229 1347 ’
289 1359 304 1403 o
341 1363 400 1406 nos
416 1339 530 1405 eodem
551 1341 644 1406 litore
660 1338 793 1408 Oceano
816 1343 921 1427 patria
939 1351 990 1408 est
1012 1364 1093 1426 quae

272 1465 305 1510 ro
340 1444 460 1512 dieitur
473 1445 591 1510 Dania.
637 1467 719 1528 quae
738 1441 900 1528 videlicet,
922 1453 960 1511 ut
981 1444 1094 1510 dieunt

272 1569 303 1613 11
339 1549 542 1614 Athanarioh
565 1558 598 1613 et
619 1547 808 1616 ildebaldus
831 1559 864 1614 et
877 1549 1093 1616 Maroomirus

272 1670 304 1716 12
341 1650 523 1720 Gothorum
550 1653 751 1740 philosophi,
779 1677 876 1739 super
904 1677 1015 1720 omnes
1037 1677 1094 1718 na-

272 1777 305 1822 18
339 1757 444 1822 tiones
458 1758 678 1824 velocissimos
692 1758 815 1844 profert
829 1757 985 1823 homines.
1019 1780 1094 1822 nam

272 1883 306 1930 14
339 1861 424 1926 inter
446 1870 569 1928 ceteras
591 1862 654 1927 hoo
676 1885 736 1928 sua
756 1861 809 1926 vel
830 1861 947 1926 infiunt
960 1860 1094 1928 laudant

272 1987 304 2035 15
339 1964 555 2050 problemata:

272 2092 304 2137 16
382 2067 594 2134 Laudabatur
613 2069 754 2134 Parthus
776 2069 810 2132 in
832 2090 910 2133 arou
932 2068 1010 2134 dum
1029 2091 1097 2134 non

272 2197 303 2240 1⁷
584 2182 741 2238 noverant
764 2170 901 2238 Gothos.

273 2298 304 2344 18
386 2272 444 2342 Set
467 2299 485 2340 o
508 2275 565 2340 ubi
588 2286 637 2341 est
658 2275 796 2342 Dauus?

274 2401 305 2445 ro
386 2377 479 2460 Quae
512 2380 621 2444 Dania
660 2379 756 2446 modo
789 2379 1094 2446 Nordomannorum

272 2503 304 2549 ro
342 2505 399 2548 seu
414 2483 653 2570 Warangorum
675 2483 794 2548 dicitur
815 2484 929 2569 patria.

376 2693 468 2739 codices
487 2691 536 2754 bso.
801 2693 835 2756 of.
848 2695 908 2740 Rev.
922 2694 972 2741 201
995 2697 1058 2756 7sq.

342 2790 356 2833 2
387 2793 498 2848 gotomm
519 2787 545 2849 s.
629 2789 643 2835 8
671 2790 792 2835 monrium
816 2786 842 2849 s.
880 2789 890 2833 ll
924 2795 1044 2838 venenati]
1071 2789 1092 2836 b.

341 2859 358 2904 4
385 2864 410 2906 et
437 2873 482 2905 om.
507 2874 530 2905 o.
621 2860 636 2905 8
661 2860 728 2905 secus
748 2858 775 2920 f.
820 2859 830 2904 ll
874 2861 1047 2920 soerdephenos
1071 2876 1092 2906 v.

342 2931 356 2976 9
385 2929 467 2976 littore
480 2928 521 2990 so.
578 2931 609 2976 10
638 2930 726 2976 danais
743 2945 764 2976 u.
792 2929 802 2975 ll
828 2935 875 2988 qus
894 2930 916 2976 b.
973 2933 1002 2977 11
1031 2931 1095 2978 Mar-

342 3002 458 3057 oomirusl
471 2998 677 3059 marchomirum,
694 3013 775 3047 marco
788 3006 813 3048 et
826 3002 899 3047 mirus
906 2999 933 3062 f.
989 3003 1020 3048 13
1039 3016 1095 3062 pro-

341 3071 399 3118 leoit
416 3087 438 3118 u.
466 3072 476 3118 ll
502 3075 566 3129 nam]
585 3085 634 3118 non
652 3086 674 3118 v.
731 3073 763 3118 14
789 3071 903 3119 laudatur
920 3070 954 3132 bs,
1012 3074 1043 3119 16
1068 3073 1094 3118 in

342 3146 548 3199 arou1morouo.
616 3144 647 3188 17
675 3148 776 3189 noverat
794 3141 830 3203 bf.
904 3143 934 3190 18
963 3144 1054 3190 danaus
1072 3158 1094 3189 o.

345 3214 376 3258 19
404 3214 485 3260 demta
506 3229 527 3260 o.
565 3213 574 3258 ll
609 3213 810 3260 nordomanorum
831 3227 853 3258 a.
923 3215 955 3260 20
984 3218 1038 3272 sou}
1053 3228 1094 3260 seu

344 3285 386 3329 sed
403 3299 425 3329 o.
456 3284 473 3350 ll¹
497 3284 680 3343 warangorum]
698 3297 875 3345 unaraugorum
892 3299 915 3330 v.
