2790 4196
254 397 323 446 1116

476 545 615 631 Masoga

443 731 445 740 ,
476 648 586 735 Abiga

274 568 286 612 1

273 671 287 716 a

273 774 287 819 a
475 752 625 837 Puplitus

272 878 288 921 4
476 854 613 922 Sadinta

272 977 286 1026 5
476 959 598 1024 Amesa

272 1085 287 1130 s
477 1061 597 1126 Adime

273 1193 286 1238 7
475 1165 743 1230 Limeletendum.

272 1295 287 1339 8
358 1269 389 1335 7.
434 1267 517 1334 Item
551 1291 647 1355 super
678 1270 782 1354 ipsam
815 1267 1004 1334 Numidiam
1038 1271 1072 1334 in

273 1397 287 1440 a
325 1373 485 1437 montanis
518 1383 550 1438 et
580 1374 729 1458 planiciis
765 1371 845 1438 locis
883 1383 932 1438 est
969 1376 1074 1459 patris

256 1499 287 1544 10
325 1497 407 1560 quae
441 1475 560 1542 dieitur
593 1477 791 1542 Mauritania
823 1478 915 1560 quasi
946 1477 1072 1560 Rubea,

256 1601 286 1646 11
325 1601 406 1663 quae
424 1590 455 1644 et
471 1579 633 1647 Sitifensis
649 1581 838 1666 appellatur.
885 1582 975 1646 ouius
992 1583 1073 1647 fines

256 1702 288 1746 ta
325 1706 344 1746 a
365 1683 528 1748 montibus
551 1707 652 1768 usque
675 1683 717 1747 ad
731 1705 818 1748 mare
835 1707 987 1770 magnum
1002 1706 1075 1771 per-

258 1805 288 1851 13
324 1787 470 1874 tingunt:
498 1811 573 1852 nam
595 1787 637 1852 ad
660 1785 829 1852 Oceanum
855 1789 943 1852 nullo
966 1789 1072 1854 modo⁸

257 1911 288 1956 14
325 1911 420 1974 quam
449 1891 587 1976 patriam
610 1889 788 1955 seeundum
812 1888 995 1956 Castorium
1017 1917 1074 1956 no-

256 2015 287 2061 15
323 1995 525 2059 minavimus.
559 1994 593 2058 in
609 2015 674 2078 qua
687 1995 792 2080 patria
805 1995 959 2080 plurimas
974 1997 1073 2060 fuisse

256 2120 287 2167 lo
325 2099 472 2164 civitates
494 2099 648 2187 legimus,
676 2121 717 2162 ex
746 2098 863 2182 quibus
893 2099 1073 2184 aliquantas

256 2223 287 2268 17
324 2201 493 2290 designare
516 2203 680 2284 volumus,
706 2201 742 2268 id
765 2213 814 2268 est
837 2203 950 2269 civitas
972 2203 1074 2286 Tuos,

256 2327 287 2372 18
324 2327 407 2390 quae
429 2307 520 2372 iuxta
541 2329 629 2372 mare
651 2329 804 2394 magnum
820 2305 975 2372 dividitur
989 2310 1074 2373 inter

255 2429 286 2473 19
324 2412 470 2498 superius
505 2411 626 2476 dictam
659 2413 858 2498 provinciam
885 2410 1074 2478 Numidiam

254 2531 286 2578 ao
323 2524 356 2580 et
385 2516 489 2601 ipsam
510 2515 741 2580 Mauritaniam
763 2514 963 2592 Sitifensem
997 2516 1074 2579 item

254 2637 285 2682 21
324 2620 439 2684 civitas

325 2815 337 2859 l
366 2812 491 2873 Ampsaga
508 2811 572 2860 alio.
645 2813 660 2860 2
688 2813 767 2860 abuza
791 2812 815 2870 0,
843 2805 951 2881 Ἀβίγαε
971 2812 1073 2870 Prooop.

321 2884 389 2931 Soio.
444 2885 459 2931 8
478 2883 590 2930 Publitus
609 2882 708 2942 coditi,
727 2883 829 2944 Popleto
846 2883 936 2930 flumen
954 2883 1003 2938 (sio
1015 2885 1075 2928 euim

323 2954 542 3016 loquacissimae,
564 2954 666 3014 Popleto
685 2957 775 3002 mansio
797 2953 853 3000 Toh.
910 2952 1075 3000 7limeleteu·

323 3028 418 3073 dumA.
456 3028 604 3082 testloum
613 3026 643 3072 B.
687 3026 718 3070 10
737 3025 903 3072 maritanisB.
946 3024 977 3069 18
997 3022 1073 3080 nullo}

322 3097 372 3146 ullo
396 3096 468 3146 ABG.
537 3098 568 3143 14
595 3096 728 3142 hostorium
757 3094 782 3142 C.
850 3095 881 3140 15
904 3095 935 3141 16
964 3095 1076 3140 eivitstes

322 3170 395 3216 fuisse
416 3167 440 3216 0.
497 3169 528 3214 17
548 3168 626 3222 Tuos]
646 3166 726 3212 Tucca
743 3167 802 3212 finos
820 3165 902 3210 affrice
920 3171 945 3212 et
962 3165 1076 3212 maurita·

322 3241 377 3286 niao
399 3239 454 3286 Ταῦ.
520 3239 550 3284 18
571 3237 659 3284 dividit
676 3235 741 3282 editi.
807 3237 837 3281 19
861 3237 1007 3294 provintiam
1026 3235 1074 3293 BC,

322 3325 367 3358 om.
386 3309 474 3358 Porcio.
530 3309 562 3356 20
581 3310 660 3366 ipsam
678 3321 723 3352 om.
741 3306 829 3353 Porcia.
853 3307 863 3351 u
889 3308 1028 3367 sitiphensis
1046 3309 1075 3363 A,

322 3383 457 3442 sitiphensis
474 3381 505 3438 B,
529 3378 703 3438 Sitiphemium
721 3377 786 3424 editi.
