2578 4008
290 463 342 518 322
1024 471 1059 518 iv
1078 472 1110 519 41

312 635 320 680 1
407 611 595 700 Completur
623 624 731 680 autem
753 615 824 701 ipsa
846 613 967 701 Spania
988 616 1111 683 habens

311 738 325 782 1
361 717 459 782 finem
488 718 528 783 ab
557 742 622 784 uno
650 720 749 784 latere
776 720 866 784 iuxta
887 720 964 785 litus
988 717 1112 786 Oceani

311 844 324 888 a
363 822 480 886 saltum
513 823 685 888 Pirencum
718 821 1040 910 Spanoguasconiae,
1079 838 1111 890 ct

309 949 324 993 1
362 925 478 991 deinde
501 927 607 1012 ipsum
630 927 747 992 saltum
769 927 941 992 Pirencum
965 925 1112 994 Guasco·

310 1056 324 1100 5
361 1030 451 1112 niae,
472 1032 563 1095 iuxta
576 1053 653 1095 vero
674 1054 762 1096 marc
783 1053 935 1117 magnum
950 1029 1112 1097 Gallicum

310 1159 324 1203 c
361 1134 467 1219 ipsum
483 1135 600 1200 saltum
614 1135 774 1200 Pirenecn
794 1144 827 1200 et
841 1136 1039 1220 provinciam
1053 1134 1111 1202 Ss-

310 1263 323 1307 7
361 1239 547 1324 ptimanam.
586 1238 627 1304 ab
644 1240 706 1303 alio
721 1263 798 1304 vcro
813 1240 913 1304 latere
928 1239 1026 1304 habet
1040 1241 1111 1326 ipsa

309 1365 324 1410 s
361 1340 482 1428 Spania
514 1343 611 1406 finem
650 1343 835 1408 multotiens
869 1342 992 1408 dictum
1024 1367 1111 1408 mare
1166 1341 1168 1346 ’

309 1469 323 1513 c
361 1469 513 1532 magnum
543 1444 706 1512 Gallicum
735 1446 908 1512 Valeriaci.
964 1471 983 1512 a
1014 1448 1110 1512 tertio

213 1541 215 1546 ¹
292 1573 324 1618 1ο
360 1572 498 1633 namque
525 1551 625 1616 latere
654 1549 752 1616 habet
779 1551 851 1636 ipsa
872 1549 993 1647 Spania
1013 1551 1111 1616 finem

292 1676 322 1719 11
361 1650 530 1718 Oceanum
557 1678 653 1739 quem
682 1655 828 1742 superius
856 1654 995 1721 diximus
1024 1658 1110 1722 occi-

292 1777 323 1822 11
360 1756 521 1822 dentalem
534 1760 722 1823 Britaniam.
757 1783 777 1823 a
790 1768 905 1842 quarto
919 1783 996 1825 vero
1010 1762 1110 1826 latere

211 1918 213 1928 ,
292 1883 323 1928 13
361 1861 461 1928 habet
489 1864 560 1948 ipsa
582 1860 703 1948 Spania
730 1862 827 1926 fin‘em
849 1863 937 1946 quod
963 1867 1109 1950 superius

291 1987 324 2032 14
361 1963 500 2031 diximus
522 1967 640 2031 fretum
670 1967 725 2050 qui
747 1965 865 2032 dicitur
886 1965 1110 2057 Septcmgadi·

291 2095 322 2141 15
358 2077 480 2134 tanum.
526 2071 581 2154 qui
602 2071 704 2134 fretus
728 2093 767 2134 ex
792 2070 905 2136 ecdem
927 2075 1008 2138 mari
1030 2072 1110 2139 Gal-

291 2203 322 2247 16
358 2173 422 2238 lico
444 2173 625 2260 ingreditur
649 2175 683 2238 in
705 2175 811 2260 ipsum
833 2173 1002 2241 Oceanum
1024 2179 1110 2242 occi-

291 2305 321 2350 17
359 2276 520 2342 dentalem
534 2278 701 2343 Britanici.
747 2279 834 2362 quod
855 2280 972 2346 fretum
995 2281 1110 2346 dividit

361 2540 372 2584 l
393 2537 545 2598 Completurl
563 2539 601 2586 lu'c
617 2539 709 2586 accedit
721 2537 804 2587 Gurdo.
861 2539 874 2584 3
899 2540 1031 2600 Pyrencum
1043 2543 1108 2588 editi.

358 2609 367 2655 ΙΙ
381 2623 456 2667 spano
476 2624 595 2669 gnasccne
613 2610 660 2668 Ac,
680 2607 760 2667 differt
779 2609 862 2656 Guido.
918 2612 934 2656 4
952 2612 1060 2670 pircnum
1082 2612 1105 2671 0,

357 2680 488 2740 Pyrencum
507 2681 571 2727 editi.
627 2680 753 2739 5gallico
772 2681 802 2726 B.
861 2681 1022 2740 6Pyreneon
1041 2684 1106 2742 editi,

357 2753 493 2811 pyrconB,
512 2766 602 2812 pyreon
620 2752 644 2799 C.
672 2752 681 2796 ΙΙ
707 2751 887 2809 provinciaAB
906 2753 969 2798 editi.
997 2753 1007 2799 ΙΙ
1033 2755 1107 2814 septi-

356 2835 427 2868 mana
445 2824 496 2878 AB,
516 2822 665 2882 Septimania
684 2823 749 2867 edun
804 2823 818 2869 8
838 2823 981 2870 multociens
1001 2823 1025 2882 O,
1045 2825 1106 2871 mul-

326 2884 328 2888 ’
357 2893 429 2940 toties
446 2895 510 2939 editi.
566 2896 579 2940 9
604 2894 709 2953 galicum
728 2894 757 2938 Β.
786 2894 795 2939 ΙΙ
821 2893 931 2940 ualet-icti
950 2895 979 2951 B,
999 2894 1106 2942 Valeria-

356 2977 412 3011 cum
430 2963 513 3013 Gnido.
531 2965 681 3011 Balearicum
700 2965 764 3010 editi.
820 2967 849 3010 11
879 2968 962 3023 quem]
981 2967 1046 3024 quod
1064 2969 1107 3013 ΑΒ

356 3036 421 3082 editi.
476 3037 507 3081 12
531 3037 677 3082 brithaniam
691 3036 720 3092 Β,
740 3035 905 3081 Britannicum
918 3037 1009 3082 editici
1022 3035 1105 3084 Gnido.

356 3107 447 3164 livero]
467 3109 554 3153 etenim
573 3109 618 3152 AB
635 3108 700 3153 cdiii.
764 3109 795 3152 13
824 3107 919 3165 ispania
937 3109 964 3152 A.
992 3107 1002 3153 ΙΙ
1028 3111 1103 3166 quod}

356 3191 426 3236 qucm
447 3178 471 3225 0.
540 3179 572 3223 14
600 3179 783 3237 septegaditami
802 3178 831 3222 B.
902 3178 933 3224 15
957 3185 1015 3236 port
1031 3181 1105 3226 frctus

355 3250 451 3296 Aadd.
469 3256 513 3296 est.
541 3249 550 3294 ΙΙ
577 3251 682 3295 eiusdem
700 3249 743 3293 AB
762 3247 826 3294 editi.
883 3250 914 3294 16
937 3257 992 3307 post
1011 3249 1104 3297 Gallico

354 3321 466 3368 ABadd.
479 3327 510 3367 et.
538 3320 548 3366 11
573 3321 662 3379 ipsum]
677 3320 825 3380 praedictum
834 3319 956 3366 ABediti.
1003 3321 1105 3368 171111-

354 3393 477 3438 tunnicum
497 3391 579 3439 (luido.
