2562 3996
176 414 260 450 euno
280 404 313 448 44
957 403 1010 457 483

195 577 207 620 1
248 551 281 614 in
303 550 397 614 litore
426 549 523 613 maris
547 546 668 614 Gallici
697 539 754 616 seu
777 551 924 637 Tyrreni.
971 563 1003 616 et

193 680 207 724 2
246 661 420 738 supersunt
443 652 590 718 civitates
613 655 648 718 in
670 654 783 720 eadem
805 656 936 742 regione

193 784 207 829 3
395 743 561 820 Bullarum
584 757 618 822 id
642 769 691 823 est
713 757 826 824 Billari

192 887 208 930 4
396 857 511 924 Crater

194 989 207 1033 5
397 960 591 1028 Scillaeeum

194 1092 207 1137 ⁶
398 1063 598 1132 Ooecinium.

193 1198 207 1241 7
278 1171 330 1242 44.
369 1170 453 1235 Item
467 1171 558 1236 iuxta
572 1171 710 1238 Romam
726 1176 779 1240 via
793 1174 1002 1240 Numentana

193 1293 207 1337 8
245 1288 294 1344 est
318 1276 431 1342 civitas
455 1297 536 1358 quae
560 1274 679 1341 dieitur

192 1397 206 1441 9
395 1378 598 1444 Humentum

176 1501 207 1546 10
394 1483 508 1566 Aquas
532 1482 669 1550 Albulas

176 1605 206 1649 11
393 1584 525 1650 Tiburis

176 1709 206 1752 12
393 1689 489 1752 Barie

176 1814 206 1856 13
393 1792 536 1856 Lauinas

175 1917 206 1960 14
394 1895 525 1960 Rannes

175 2022 205 2067 15
394 2000 496 2065 Rotas

175 2129 205 2173 16
393 2103 531 2189 Aliphas

175 2233 205 2276 17
394 2209 523 2273 Telesia

174 2335 205 2380 18
392 2310 534 2397 Sirpium

174 2440 204 2483 19
391 2415 513 2479 Forum
532 2439 662 2497 novum,
687 2439 768 2500 quae
791 2419 903 2484 civitas
921 2443 996 2484 con-

172 2543 204 2587 20
241 2517 313 2582 fiuis
338 2529 388 2583 est
410 2518 498 2584 urbis
521 2519 779 2584 Beneventauae.

276 2768 367 2813 codiee-r
387 2767 458 2814 lsmr.
704 2770 737 2829 cf.
750 2771 809 2816 Rau.
824 2771 856 2816 27
860 2773 875 2816 9
894 2773 909 2817 3
922 2787 957 2831 eq.

243 2894 252 2936 l
283 2891 363 2937 littore
376 2890 402 2952 f.
430 2893 439 2936 ΙΙ
464 2895 546 2940 tirreni
565 2894 599 2954 bf.
664 2898 677 2939 4
708 2900 788 2941 cretea
805 2910 827 2940 r.
895 2895 909 2941 5
938 2895 993 2942 seil-

239 2963 327 3008 lucium
347 2961 368 3019 b,
396 2963 548 3022 squillacium
560 2965 586 3026 f.
678 2967 691 3011 6
721 2965 838 3012 coeimum
851 2965 878 3026 f.
906 2966 915 3011 ll
936 2973 993 3025 post

240 3034 379 3080 Cercinium
407 3037 509 3093 epatium
535 3051 633 3082 vacuum
661 3038 731 3082 trium
751 3035 809 3096 fere
835 3050 942 3082 vereuwn
969 3038 991 3083 h.

241 3106 254 3149 7
282 3105 433 3152 numentarie
444 3105 471 3165 f.
539 3109 552 3152 9
581 3108 721 3153 bumentum
733 3106 760 3167 s.
828 3109 858 3152 12
887 3108 952 3154 butie
964 3107 990 3168 f.

240 3178 270 3221 13
290 3176 383 3221 laumas
396 3174 458 3235 smr.
507 3179 537 3223 14
557 3192 650 3224 ramnes
662 3193 706 3234 mr,
726 3167 813 3224 turmis
831 3178 852 3223 b.
904 3179 992 3225 1510-

237 3252 286 3293 tam
300 3245 326 3306 f,
346 3261 411 3293 roras
426 3263 446 3293 r.
508 3250 539 3294 17
559 3250 660 3296 thelesia
672 3264 716 3295 mr.
774 3251 804 3294 18
825 3249 933 3309 siripium
946 3265 990 3295 mr.

239 3319 270 3364 20
295 3324 352 3376 post
370 3317 552 3366 Beneventanae
574 3323 677 3378 epatium
699 3333 796 3366 vacuum
822 3320 920 3366 duomm
939 3335 991 3366 ver·

236 3405 302 3434 suum
321 3395 343 3434 et
361 3389 453 3435 dimidii
471 3390 492 3436 b.

717 3457 725 3470 '
791 3471 839 3514 αι·
