2710 4004
210 407 281 455 ΠΙ

231 577 241 619 r
428 553 542 622 Vectis

229 680 243 723 a
430 658 560 722 Malaca

229 783 242 826 a
430 762 564 828 Insenos

228 886 243 929 4
429 863 608 931 Taniatide.

230 991 243 1034 5
313 968 365 1036 31.
416 970 456 1034 In
485 967 617 1034 Oceano
649 993 724 1033 vero
761 969 953 1034 occidentali
983 979 1032 1033 est

230 1095 243 1137 u
280 1073 386 1137 insula
414 1096 495 1156 quae
524 1071 642 1136 dicitur
663 1072 849 1152 Britannia,
878 1071 933 1135 ubi
956 1073 1032 1136 olim

230 1199 243 1241 7
281 1200 360 1262 gens
376 1174 541 1242 Saxonum
562 1177 695 1239 veniens
718 1175 759 1240 ab
783 1177 916 1258 antiqua
930 1174 1032 1240 Saxo-

229 1303 244 1346 s
280 1281 334 1344 nia
367 1301 439 1344 cum
468 1280 612 1365 principe
647 1301 706 1344 suo
734 1279 862 1343 nomine
890 1278 1032 1342 Ansehis

229 1406 243 1449 a
280 1383 376 1448 modo
405 1383 550 1448 habitare
579 1380 717 1446 videtur.
767 1405 862 1465 quam
884 1383 1029 1464 insulam!

214 1501 244 1546 10
281 1497 317 1552 ut
332 1487 481 1567 diximus,
498 1485 628 1570 quidam
639 1485 838 1552 Graecorum
849 1486 1033 1572 philosophi

215 1604 243 1648 11
281 1591 374 1673 quasi
395 1590 564 1654 micosmin
586 1589 839 1674 appellaverunt.
884 1613 959 1655 nam
973 1613 1032 1655 nos

214 1707 244 1751 12
280 1702 347 1758 tam
380 1714 530 1780 magnam
561 1692 699 1757 insulam
732 1716 836 1777 neque
869 1694 903 1758 in
936 1716 1034 1780 supra

214 1811 244 1856 ra
281 1798 401 1882 scripto
430 1796 510 1888 mari
543 1818 661 1882 magno
695 1818 799 1880 neque
827 1797 861 1861 in
888 1798 1033 1882 praefato

214 1915 245 1959 11
282 1898 413 1966 Oceano
442 1899 632 1964 dilatissimo
662 1921 767 1984 neque
795 1900 829 1963 in
858 1922 920 1983 quo
942 1923 1035 1985 prac-

214 2021 243 2066 ls
282 2003 420 2069 diximus
443 2004 516 2068 sinu
532 1999 658 2067 Oceani
671 2002 842 2092 legendam
857 2001 1034 2068 ullomodo

213 2129 244 2174 re
280 2109 488 2193 repperimus.

283 2263 295 2306 1
315 2260 398 2306 Vectis
415 2263 485 2306 etiam
497 2258 561 2306 Plio.
574 2259 638 2305 Suet.
658 2257 710 2316 alii,
736 2252 850 2322 θύηκτίς
867 2258 939 2314 Pal„
958 2259 1035 2306 Vecta

280 2333 335 2376 Ant.
354 2337 377 2376 et
395 2330 474 2388 Beda,
506 2331 583 2377 nectis
600 2331 629 2375 A.
702 2330 717 2375 2
745 2329 852 2386 Malaca]
877 2328 984 2388 fortasse
1002 2329 1034 2376 la-

279 2402 378 2461 pendam
396 2401 501 2448 Malaca:
525 2415 581 2446 acm
599 2399 663 2446 Prot.
682 2400 753 2446 caba
769 2397 893 2452 Maiaioc
910 2402 958 2445 sice
976 2403 1035 2450 Μα-

280 2466 345 2525 λεὸς.
394 2473 410 2518 4
430 2472 545 2518 tamatide
563 2472 586 2516 B
605 2471 669 2528 editi,
689 2471 788 2517 Tenetis
808 2469 892 2526 Solia,
912 2471 1034 2518 Thanatos

281 2543 376 2600 Isidor„
401 2543 505 2588 Tanetos
524 2542 587 2596 (sive
603 2541 725 2600 Tanatos)
743 2541 822 2598 Beda,
847 2541 915 2586 hodie
932 2541 1034 2587 Thenet.

281 2615 290 2658 11
298 2619 355 2672 post
373 2613 501 2659 Taniatide
521 2611 539 2658 G
556 2611 611 2657 add.
632 2613 661 2657 de
680 2611 816 2670 insulaque
830 2611 1035 2658 diciturbriiania

281 2685 305 2730 in
324 2696 428 2730 occeano
455 2681 599 2728 occidentali
621 2683 710 2740 posita.
783 2684 797 2728 ὃ
826 2681 975 2728 occidentale
992 2683 1036 2728 AB

281 2753 346 2800 ederi.
419 2756 433 2799 6
462 2753 567 2800 britania
585 2751 634 2798 Bc.
708 2755 722 2798 6
749 2756 762 2799 7
796 2753 853 2799 olim
875 2756 947 2813 gens]
972 2767 1035 2800 nunc

281 2837 339 2883 gens
359 2823 388 2880 O,
416 2824 530 2884 elongem
553 2824 582 2869 A.
657 2826 670 2868 7
695 2831 753 2882 poet
771 2838 829 2884 gens
854 2822 873 2870 C
895 2823 951 2869 aad.
975 2824 1035 2870 alias

282 2894 405 2954 olongens.
456 2897 470 2940 8
490 2895 592 2954 snsehys
613 2892 636 2951 0,
655 2895 759 2940 Auschis
777 2896 846 2950 edith·
865 2899 880 2943 i.
894 2908 913 2940 e.
933 2895 1036 2954 Hengist

281 2965 377 3010 Reduci
448 2967 461 3010 9
491 2966 576 3020 modo}
596 2965 620 3009 in
639 2978 668 3010 ee
686 2965 708 3010 B
727 2965 792 3011 editi.
830 2965 839 3010 ΙΙ
875 2979 947 3023 quam
965 2968 1035 3010 etiam

282 3037 358 3092 910,
387 3036 495 3093 quemvis
517 3033 583 3080 ABG
605 3034 670 3080 editi.
745 3037 775 3081 10
804 3035 961 3092 Graecorum}
987 3035 1036 3082 Go-

281 3107 377 3152 thorum
390 3105 454 3152 editi.
502 3107 531 3151 11
561 3105 688 3151 mieosmin
707 3108 806 3153 eticm9
826 3109 868 3162 11,
888 3107 994 3153 mirosmi
1006 3109 1043 3164 A‚.

281 3177 390 3222 micosmi
409 3176 431 3220 B
447 3175 517 3232 editi,
545 3177 678 3235 myeosmin
696 3191 773 3238 marg,
793 3176 817 3224 O.
893 3179 921 3222 12
949 3192 1037 3237 magna

280 3245 360 3292 insule
377 3249 405 3292 Α.
461 3247 491 3292 15
511 3247 564 3292 sino
582 3247 633 3293 AB.
659 3247 669 3293 ΙΙ
692 3247 758 3293 nullo
777 3249 820 3294 AB
839 3249 902 3294 editi.
950 3249 980 3294 16
1000 3263 1036 3294 re-

280 3317 385 3376 perimus
403 3315 445 3363 Bc
462 3317 525 3364 editi.
553 3317 563 3362 ΙΙ
584 3325 642 3375 post
660 3319 807 3378 repperimus
826 3317 845 3366 G
861 3319 917 3366 cdd.
936 3321 964 3366 de
978 3321 1036 3366 civi·

279 3389 370 3435 tatibus
389 3388 490 3434 britanis
510 3393 533 3434 et
551 3387 634 3435 insule.
