2578 4008
174 367 233 416 Η
858 364 1000 422 ·³ss

195 537 208 582 1
291 511 328 580 Si
349 535 426 578 vero
449 513 566 598 aliquis
590 511 708 580 doctus
729 515 855 580 astucia
870 523 902 579 et
920 513 997 579 sub-

194 639 209 684 s
245 617 362 682 tilitate
390 617 580 702 perniciosa,
608 640 669 682 cur
693 617 895 704 suprodictae
919 618 997 683 civi-

194 743 208 788 s
245 729 329 786 tates
352 720 430 785 illuc
456 721 502 785 ita
528 721 762 788 nominavimus
785 731 817 786 et
839 743 926 785 nunc
947 722 997 785 in·

193 837 224 896 4'
245 825 344 889 serius
356 824 448 888 aliter
462 824 656 890 nominando
672 827 892 912 supponimus,
908 823 996 890 dicat

194 954 208 1000 5
246 951 344 1012 quare
358 927 421 992 hoc
435 927 569 993 fecimus
585 937 617 993 et
631 929 797 1010 faciemus,
817 929 997 1016 respondeo

194 1051 208 1097 s
245 1030 279 1096 id
321 1030 408 1116 quod
448 1055 545 1118 supra
580 1055 770 1118 responsum
814 1042 872 1098 est.
939 1030 998 1098 sed

194 1167 208 1212 7
245 1145 379 1220 quaeret
400 1137 634 1222 suprascriptas
656 1137 803 1202 civitates
820 1136 906 1202 circa
920 1137 997 1201 litus

193 1261 208 1306 s
244 1239 342 1304 maris
372 1238 530 1325 praedicti
557 1241 680 1326 positas
709 1249 742 1304 et
764 1263 783 1304 s
806 1239 900 1304 nobis
922 1240 998 1304 inti·

194 1365 208 1410 9
245 1335 359 1426 mutas,
392 1352 425 1408 et
457 1343 545 1430 legat
579 1354 612 1410 et
639 1345 785 1432 perleget
813 1341 996 1408 omnimodo

177 1467 208 1512 ro
245 1469 311 1529 eas,
325 1447 463 1532 reperiet
476 1447 563 1512 idem
578 1457 610 1513 et
625 1448 763 1513 eundem
778 1448 997 1534 significantes

177 1575 207 1620 11
245 1561 278 1616 et
299 1550 406 1615 verbis
428 1575 530 1637 paene
554 1553 675 1618 eisdem
697 1551 877 1635 descriptas
900 1560 997 1635 atque

177 1678 208 1724 rs
245 1663 419 1720 enarratas.
464 1678 552 1720 nunc
574 1679 652 1744 ergo
679 1655 721 1720 ad
744 1655 890 1721 civitates
913 1657 998 1720 eius-

176 1783 207 1828 13
244 1757 318 1824 dem
340 1759 437 1823 maris
462 1760 548 1825 circa
576 1761 653 1825 litus
683 1767 879 1844 exponentes
903 1759 997 1823 reite-

176 1885 207 1930 14
243 1884 352 1928 ramus
375 1870 408 1926 et
430 1885 483 1927 ecs
507 1862 729 1929 describimus.

176 1990 207 2036 15
275 1968 307 2035 3.
353 1967 476 2032 Iterum
499 1976 548 2032 est
571 1968 684 2034 civitas
707 1966 852 2031 Pomone

176 2095 207 2139 16
394 2069 556 2156 Scapiana

174 2198 205 2242 17
393 2175 501 2240 Nicea

174 2305 205 2350 18
393 2280 517 2346 Mioalo
541 2281 667 2346 colonia
688 2279 864 2344 Diceorum

174 2407 204 2454 19
393 2385 559 2472 Antipolis

173 2511 204 2558 so
393 2486 482 2554 Ores

172 2616 202 2662 21
393 2591 480 2657 Foro
503 2591 579 2658 Iulii

243 2785 254 2828 1
276 2781 300 2830 Si
315 2813 349 2824 -..
364 2785 395 2830 14
414 2783 573 2830 describimus
595 2798 640 2828 om.
659 2783 704 2828 AB
723 2783 787 2830 editi.
847 2781 860 2826 6
880 2781 905 2826 id
918 2782 995 2838 quod}

186 2869 188 2878 ·
239 2855 294 2902 ideo
313 2855 370 2912 quia
390 2853 414 2902 0.
471 2855 503 2900 14
518 2861 576 2913 post
593 2855 751 2900 describimus
771 2851 790 2898 0
810 2851 866 2898 add.
886 2851 996 2897 civitates

239 2925 285 2972 istu
304 2929 361 2972 sunt
378 2937 432 2972 Lxx
451 2926 477 2972 id
495 2931 539 2974 est.
591 2927 621 2972 15
642 2930 677 2971 est
696 2939 741 2970 om.
761 2924 805 2970 AB
823 2921 887 2970 editi.
916 2921 925 2968 ΙΙ
950 2922 997 2968 Ρο-

239 3009 311 3042 muns
333 2999 404 3042 stium
428 2997 480 3042 243
500 2997 524 3054 9,
552 3011 658 3056 pomona
685 2995 713 3042 G.
805 2995 836 3039 16
865 2991 997 3052 Scarpiana

240 3066 292 3112 243
311 3067 353 3113 10.
410 3070 441 3114 17
461 3067 538 3114 Nicea
555 3070 626 3114 ctiam
640 3067 691 3112 243
711 3067 753 3111 11.
805 3065 836 3109 18
855 3063 952 3110 nicuion
967 3063 994 3109 G.

238 3137 248 3184 ΙΙ
260 3138 405 3185 Dioscorum
424 3139 488 3196 editi,
513 3153 558 3184 om.
579 3139 611 3194 G,·
640 3137 673 3198 cf.
693 3137 745 3184 243
765 3135 799 3182 12
816 3134 856 3180 ubi
874 3133 985 3180 Melaoon

238 3209 307 3256 ditio.
384 3211 414 3256 19
443 3209 613 3269 Antipolis...
628 3211 714 3258 ³402
741 3206 884 3256 samarium
902 3220 946 3252 om.
968 3205 995 3251 G.

239 3282 271 3328 19
299 3279 431 3340 anthipolis
449 3283 478 3337 A,
507 3281 638 3341 antiopolis
659 3280 682 3337 0,
710 3276 858 3336 Anthopolis
882 3276 994 3324 24313.

238 3353 270 3398 20
292 3351 355 3400 Ores
374 3351 509 3400 01110243
529 3353 571 3400 14.
618 3354 649 3400 21
670 3353 733 3402 Foro
743 3351 801 3398 Divi
810 3347 868 3394 Inlii
881 3347 933 3396 243
952 3349 994 3394 15.

794 3417 845 3473 us*
