2580 4028
276 514 329 566 246
575 589 576 594 ἵ
771 497 774 504 ’
1016 517 1050 564 rv
1070 519 1102 564 se

299 685 310 728 1
396 663 460 726 Per
476 685 572 746 quam
586 663 784 748 provinciam
799 661 1017 748 Septimanam
1032 664 1104 748 plu-

297 789 311 832 r
348 767 429 831 rima
451 765 584 830 flumina
598 775 777 848 transeunt,
799 767 883 832 inter
898 776 1005 832 cetera
1022 790 1103 851 quae

297 890 311 934 3
349 869 501 934 dicuntur

297 993 312 1037 4
501 970 609 1038 Orobs
633 979 665 1036 et

297 1096 311 1142 t
499 1075 606 1157 Educ,
636 1077 692 1159 qui
713 1075 939 1163 ingrediuntur
960 1077 994 1140 in
1017 1099 1104 1140 mare

297 1203 311 1247 6
350 1177 523 1244 Gallicum.
568 1189 656 1244 terus
680 1179 914 1245 Narbonensis

298 1307 311 1350 7
388 1281 442 1348 29.
487 1281 571 1346 Item
582 1283 659 1347 litus
671 1307 758 1348 mare
770 1283 945 1366 Gallicum,
967 1283 1009 1347 ad
1018 1284 1105 1347 fron-

297 1409 311 1453 c
349 1395 416 1450 tem
445 1408 542 1471 supra
571 1389 711 1472 scriptae
739 1388 923 1473 provinciae
946 1385 1104 1472 Septima-

298 1511 311 1554 9
349 1513 421 1571 nae,
450 1490 632 1554 iterumad
656 1491 795 1555 frontem
818 1490 999 1555 antedictae
1021 1491 1104 1555 Bur-

282 1612 312 1656 10
350 1591 490 1680 gundiae
514 1604 563 1658 est
577 1595 682 1680 patria
696 1593 896 1660 nobilissima
918 1604 950 1659 et
973 1595 1102 1659 omnino

281 1717 311 1762 11
350 1697 464 1762 fertilis
488 1719 569 1780 quae
586 1697 705 1762 dicitur
719 1697 824 1762 Italia.
865 1721 961 1783 quam
975 1697 1104 1762 Italiam

282 1821 313 1867 12
350 1801 480 1886 plurimi
503 1801 744 1887 descripserunt
761 1801 955 1888 philosophi,
978 1825 1019 1866 ex
1034 1803 1104 1886 qui-

282 1925 313 1971 13
342 1904 412 1970 bus
435 1928 496 1991 ego
518 1906 583 1993 legi
598 1907 784 1971 multotiens
800 1906 904 1971 dictos
921 1903 1104 1972 Castorium

281 2029 313 2073 14
351 2017 384 2072 et
398 2008 582 2073 Lollianum
606 2019 702 2094 atque
722 2010 927 2076 Arbitionem
942 2009 1104 2075 Romano-

281 2135 312 2182 15
350 2136 421 2177 rum
442 2113 651 2198 philosophos
675 2124 707 2178 et
729 2115 999 2200 suprascriptum
1014 2113 1104 2178 Ana-

282 2240 313 2283 ro
350 2215 456 2280 ridum
478 2227 511 2280 et
525 2216 741 2283 Eldebaldum
761 2228 857 2302 atque
872 2217 1104 2281 Marcomirum

281 2347 312 2390 17
352 2319 535 2386 Gothorum
556 2321 775 2409 philosophos.
821 2319 965 2386 sednon
987 2343 1104 2405 aequa-

354 2447 365 2490 1
395 2443 440 2490 Per
464 2457 535 2502 quam
558 2447 708 2506 provinciam
733 2445 897 2504 septimanam
921 2457 966 2489 om.
984 2445 1040 2500 AB,
1069 2443 1103 2504 cf.

352 2515 403 2561 245
424 2515 439 2560 6
458 2522 538 2562 annot.
594 2519 608 2562 2
636 2521 823 2563 transeuntem.
842 2514 878 2570 Β,·
901 2513 934 2574 cf.
950 2515 1035 2560 2456
1061 2529 1104 2559 an-

350 2593 400 2632 not.
454 2588 470 2631 4
499 2588 579 2634 oriobs
594 2587 617 2645 C,
642 2579 714 2633 Orbis
726 2584 800 2642 Melo,
812 2576 904 2653 ’Όρβις
915 2584 1013 2643 Strabo,
1032 2578 1104 2654 ’0ρὸ-

350 2661 410 2723 flacc
436 2659 564 2724 ποταμοῦ
591 2653 704 2723 expoliat
731 2655 796 2700 Ptol.
870 2656 883 2702 5
916 2655 992 2711 Edas]
1022 2655 1101 2712 Adam

350 2729 417 2774 Atax
435 2727 498 2774 aliis.
529 2729 538 2774 ΙΙ
564 2729 697 2787 ingreditur
716 2724 757 2771 BC
773 2725 837 2772 editi.
893 2727 907 2772 6
935 2731 1014 2783 teras]
1037 2727 1104 2774 lacus

351 2799 415 2844 editi.
495 2801 508 2844 7
541 2812 606 2844 mare
629 2797 717 2856 gallico
741 2796 797 2855 AB,
826 2797 898 2844 maris
922 2795 1010 2843 Gallici
1038 2798 1103 2844 editt.

352 2873 366 2916 8
390 2876 445 2929 post
462 2870 602 2928 provinciae
623 2866 713 2913 caud.
733 2867 762 2912 de
779 2867 857 2926 ytalia
873 2868 1024 2914 nobilissima
1042 2869 1103 2914 eius-

351 2955 396 3000 que
414 2940 546 3000 provincijs
564 2951 636 2984 xvnr.
664 2938 673 2983 ΙΙ
700 2936 853 2996 septimanae
872 2952 916 2984 om.
937 2938 961 2986 0.
1017 2941 1105 2996 9post

350 3013 454 3059 frontem
472 3010 529 3055 editi
541 3009 632 3054 addunt
644 3022 716 3067 supra
728 3010 838 3068 scriptae,
858 3009 880 3054 B
892 3009 948 3055 cdd.
961 3009 1103 3069 supscripte,

352 3082 455 3130 Gaddir
472 3080 631 3138 superscripto
649 3079 696 3128 vel.
725 3079 734 3125 ΙΙ
760 3081 894 3139 burgondie
912 3080 942 3125 B.
1002 3081 1032 3126 10
1062 3093 1104 3138 pa·

351 3155 409 3209 tria]
420 3153 458 3198 tic
468 3150 560 3196 accedit
570 3151 653 3196 Guido.
673 3150 682 3196 ΙΙ
700 3152 811 3206 omnino]
824 3151 904 3196 omino
913 3151 944 3196 B.
983 3152 1013 3196 11
1027 3149 1104 3210 ytalia

350 3226 371 3269 Α
384 3223 421 3268 hic
434 3227 457 3268 et
467 3223 569 3279 saepius.
588 3221 597 3268 ΙΙ
613 3221 715 3281 ytaliam
725 3220 744 3268 0
752 3223 817 3267 etsie
826 3219 941 3280 deinceps.
993 3223 1023 3267 13
1043 3221 1104 3266 mul-

350 3294 443 3339 tociens
467 3290 495 3348 0,
527 3292 650 3340 multoties
674 3293 738 3338 editi.
769 3292 779 3339 ΙΙ
805 3293 896 3347 dictos]
925 3292 1015 3337 dictum
1038 3291 1102 3337 editi.

350 3364 360 3409 li
373 3363 506 3409 kastorium
526 3362 549 3410 C.
619 3364 650 3409 14
677 3362 793 3410 loliannm
812 3363 856 3409 ΑΒ
874 3362 937 3408 editi.
967 3362 976 3407 ΙΙ
1002 3362 1104 3408 arbicio-

350 3447 405 3479 nem
429 3433 453 3480 C.
481 3434 490 3479 ΙΙ
516 3449 560 3495 sup
580 3435 696 3495 scriptum
724 3435 749 3482 θ.
824 3436 855 3480 16
884 3433 1052 3494 marcfimirum
1079 3431 1103 3480 0.

353 3504 384 3548 17
413 3506 551 3563 gotthorum
572 3505 596 3553 0.
623 3507 633 3553 ΙΙ
657 3520 706 3554 non
725 3521 769 3553 om.
783 3507 812 3551 B.
