2872 4210
369 402 400 442 Vl
701 404 850 438 PRAEFATIO,

411 544 452 610 In
475 568 538 630 qua
561 545 761 612 conficienda
789 544 909 609 auxilio
938 542 1032 608 nobis
1053 543 1196 608 fuerunt

370 661 397 722 A
437 657 540 723 codex
561 657 758 740 VaticanuS,
791 656 935 723 Urbinas
960 657 1036 738 961,
1066 650 1195 720 saeculi

433 789 500 852 xur,
529 769 810 851 membranaceus,
839 769 924 833 foliis
954 769 1028 832 latis
1051 767 1193 853 pollices

435 881 540 946 Rhea.
555 881 586 963 6,
601 881 702 944 lineas
716 883 747 962 7,
763 880 836 945 altis
848 881 981 966 pollices
995 880 1025 962 9,
1040 879 1142 944 lineas
1156 879 1190 946 6·

434 993 571 1079 paginae
587 1000 662 1056 sunt
676 991 858 1076 bipertitae,
880 1015 1032 1056 versuum
1051 991 1108 1069 293
1133 1012 1190 1055 co-

432 1105 613 1168 lumnarum
628 1101 765 1168 latitudo
782 1112 832 1168 est
841 1103 1026 1190 pollicumll
1042 1111 1074 1167 et
1087 1103 1195 1174 linea.

434 1239 506 1280 rum
529 1217 561 1297 2,
583 1213 720 1278 altitudo
742 1215 897 1300 pollicum
920 1215 949 1281 6.
1000 1213 1187 1279 inscribitur

437 1327 500 1409 „ln
529 1327 591 1392 hoc
620 1349 752 1412 corpore
776 1327 959 1390 continetur
982 1326 1187 1413 chosmogra-

433 1439 521 1524 phya
558 1447 590 1502 et
626 1461 830 1503 romanorum
867 1438 1020 1524 ystoria.“
1076 1439 1187 1504 insunt

434 1557 562 1636 praeter
589 1549 813 1615 Ravennatem
845 1550 999 1614 nonnulla
1026 1550 1186 1636 Eutropii,

432 1663 527 1726 Pauli
554 1662 711 1743 Diaconi,
743 1661 893 1741 aliorum3
929 1662 1027 1728 series
1057 1662 1187 1747 pontifi-

437 1797 511 1838 cum
533 1772 753 1838 Romanorum
776 1782 837 1838 etc.

410 1886 518 1950 Huius
547 1885 668 1951 codicis
697 1886 803 1952 varias
831 1887 987 1952 lectiones
1013 1888 1048 1952 in
1070 1886 1186 1973 viginti

368 1997 493 2062 duabus
508 1999 635 2086 paginis
652 1998 851 2084 conscriptas
865 2001 961 2064 tertio
975 1997 1187 2086 Geographo·

367 2109 603 2174 rumvolnmini
614 2110 749 2174 inseruit
766 2108 904 2174 Ioannes
920 2109 1049 2175 Huds0.
1080 2109 1185 2174 denuo

368 2241 441 2285 cum
457 2218 597 2284 editione
610 2219 721 2284 Iacobi
738 2217 895 2284 Gronovii
909 2231 1058 2286 accurate
1073 2231 1186 2287 contu·

366 2333 405 2396 lit
426 2331 589 2396 Henricus
605 2330 719 2395 Brunn
741 2353 825 2396 anno
850 2331 951 2412 18503
976 2335 1067 2400 cuius
1088 2334 1185 2399 colla

366 2444 464 2508 tionis
480 2465 575 2507 usum
593 2441 688 2507 nobis
702 2441 852 2528 praebuit
865 2444 1045 2512 Mauricius
1060 2445 1184 2532 Haupt.

367 2555 595 2636 dubitationes,
619 2576 701 2638 quae
716 2553 892 2637 restabant,
916 2579 999 2621 anno
1019 2557 1104 2626 1854
1118 2557 1185 2622 Ro·

366 2690 437 2732 mae
461 2665 615 2754 degentes
630 2667 693 2752 ipsi
707 2667 854 2752 inspecto
871 2667 982 2733 codice
998 2669 1163 2734 solvimus.

409 2778 443 2844 Is
468 2777 571 2843 codex
593 2777 694 2844 nitide
718 2779 857 2864 scriptus
881 2789 913 2844 et
935 2782 1055 2866 optime
1079 2804 1186 2846 serva-

366 2899 420 2954 tus
449 2889 640 2976 compendia
672 2891 828 2956 nonnulla
859 2892 1040 2958 litterarum
1070 2892 1183 2970 habet3

367 3002 402 3065 in
432 3001 663 3089 orthographia
691 3001 754 3068 sibi
783 3026 848 3068 non
877 3012 1021 3069 constat:
1056 3003 1186 3070 exhibet

367 3113 453 3178 enim
481 3112 593 3178 affrica
616 3123 648 3180 et
676 3115 793 3198 africa,
822 3116 950 3202 egiptus
974 3125 1007 3181 et
1034 3125 1185 3204 egyptus,

366 3223 536 3310 paradisus
560 3234 593 3290 et
614 3227 812 3313 paradysus,
840 3228 918 3292 litus
942 3238 974 3293 ct
996 3229 1105 3311 littus,
1128 3228 1185 3294 ad·

366 3336 519 3402 scribitur
541 3346 574 3402 et
596 3339 779 3422 ascribitur,
802 3340 865 3406 aha
887 3339 1081 3407 huiusmodi.
