2872 4210
1128 463 1143 502 ι

379 547 411 598 10
1146 548 1193 594 14

396 720 408 762 1
446 693 534 757 venti
556 714 623 756 sax.
669 692 698 756 si
720 693 792 776 quis
820 715 895 758 vero
923 691 1029 783 dicere
1057 693 1195 758 voluerit

395 820 409 864 a
447 795 534 879 quod
557 794 716 860 inerudito
745 818 833 860 more
855 795 1044 860 arbitratum
1066 807 1115 862 est
1136 821 1194 884 per

394 925 408 969 a
447 899 590 985 singulas
613 898 707 964 horas
731 897 795 964 diei
816 899 948 984 patriae,
970 900 1055 982 quia,
1083 924 1194 985 quam-

393 1026 409 1071 4
445 1003 495 1067 vis
517 1003 551 1066 in
572 1002 676 1088 prima
703 1002 783 1066 hora
811 1001 876 1066 diei
902 1003 951 1068 sol
979 1005 1071 1086 quasi
1098 1028 1194 1091 super

394 1130 408 1175 5
445 1103 600 1169 Indorum
615 1114 700 1170 stare
716 1114 906 1190 supputetur
919 1107 1033 1191 patria,
1053 1117 1193 1174 attamen

393 1233 408 1277 e
445 1208 480 1272 in
503 1207 614 1272 eadem
636 1209 740 1293 prima
767 1209 846 1274 hora
873 1209 938 1274 diei
959 1211 993 1274 in
1018 1219 1122 1276 totum
1144 1235 1193 1276 re-

396 1340 409 1384 7
447 1311 543 1395 spicit
570 1311 740 1376 mundum:
776 1311 819 1376 ad
853 1334 936 1396 quac
964 1313 1192 1398 respondemus

394 1439 409 1484 1
447 1415 522 1497 quia
543 1437 654 1478 verum
678 1415 852 1499 estquod,
880 1416 1008 1500 quando
1035 1417 1070 1480 in
1091 1418 1194 1503 prima

394 1544 408 1587 9
445 1517 525 1582 hora
546 1516 610 1581 diei
632 1519 680 1582 sol
703 1520 794 1602 quasi
816 1542 912 1605 super
926 1519 1079 1586 Indorum
1093 1523 1193 1606 respi-

377 1647 408 1690 10
447 1642 518 1684 cere
541 1630 734 1705 supputatur
755 1623 902 1707 patriam,
930 1647 988 1708 per
1009 1626 1192 1690 universum

377 1754 407 1797 11
445 1725 575 1788 nitescit
603 1725 775 1808 mundum,
808 1749 873 1790 non
901 1727 1004 1791 solum
1030 1729 1064 1792 in
1090 1729 1194 1814 prima

327 1891 329 1906 ,
378 1855 407 1899 12
445 1829 525 1892 hora
554 1827 612 1894 sed
641 1838 673 1892 et
700 1852 758 1914 per
786 1838 870 1894 totas
900 1829 1069 1896 duodecim
1097 1832 1192 1896 horas

377 1956 408 2000 13
446 1931 525 2010 diei3
555 1932 613 1998 sed
636 1941 668 1996 ct
691 1932 819 2016 quando
841 1935 875 1998 in
898 1929 1087 2000 duodecima
1114 1935 1193 2000 hora

377 2061 409 2104 14
446 2036 510 2100 diei
533 2036 583 2100 sol
604 2038 697 2120 ,quasi
713 2059 809 2121 super
823 2036 993 2102 Scotorum
1008 2039 1193 2104 aestimatur

378 2163 407 2208 15
446 2163 516 2205 csse
539 2141 658 2226 patria,
688 2149 721 2204 et
748 2149 837 2204 trans
865 2141 968 2227 ipsam
989 2140 1133 2208 Scotiam
1160 2151 1193 2206 et

377 2270 408 2314 16
445 2253 534 2308 trans
558 2253 731 2308 extremam
753 2241 879 2308 Indiam
901 2255 934 2309 ct
955 2245 989 2308 in
1010 2253 1114 2309 totum
1135 2267 1193 2329 per

378 2372 408 2416 17
446 2346 650 2433 quadrigincs
673 2344 794 2427 mundi,
817 2347 937 2430 sicque,
960 2357 1079 2430 quanto
1101 2347 1192 2412 Deus

377 2474 408 2519 18
446 2449 519 2530 scit,
544 2459 633 2514 trans
656 2458 760 2514 totum
783 2449 892 2513 orbem
914 2450 963 2514 sol
985 2449 1072 2532 quod
1093 2451 1193 2536 respi-

377 2577 408 2621 19
447 2553 511 2616 ciat
534 2552 729 2618 credendum
752 2561 810 2618 est.
849 2552 907 2617 sed
929 2561 965 2616 ut
988 2553 1125 2618 diximus
1143 2577 1192 2618 ar-

307 2695 311 2706 ·
376 2680 408 2724 ao
445 2655 629 2720 bitrandum
651 2665 701 2720 est
721 2657 755 2719 in
778 2678 841 2739 quo
855 2656 927 2720 loco
943 2657 1034 2739 quasi
1055 2657 1104 2722 sol
1119 2665 1192 2737 stet,

376 2786 407 2831 21
422 2795 423 2800 1
445 2759 530 2824 sicut
544 2761 578 2823 in
594 2759 703 2824 divina
718 2760 876 2844 scriptura
891 2760 1071 2824 continetur
1095 2769 1193 2842 „tunc

375 2863 573 2937 221locutus
603 2872 652 2927 est
681 2862 777 2926 Iosue
799 2861 893 2926 Nave
923 2862 1050 2926 domino
1078 2863 1112 2927 in
1141 2861 1192 2927 dic

376 2994 408 3038 23
445 2989 509 3050 qua
522 2965 657 3030 tradidit
668 2966 859 3028 Amorrcum
874 2966 907 3029 in
924 2975 1098 3052 conspectu
1112 2967 1193 3030 filio-

375 3096 409 3142 11
444 3093 516 3133 rum
538 3068 655 3147 Israth
686 3068 768 3132 dixit
791 3090 899 3132 coram
921 3071 982 3135 eis:
1012 3071 1060 3135 sol
1083 3079 1193 3135 contra

447 3303 477 3347 10
502 3301 654 3360 patriaediti.
710 3301 740 3346 15
765 3301 851 3346 sotiam
859 3302 888 3347 A.
944 3302 975 3346 17
999 3301 1192 3359 quadrigencsA.

443 3373 539 3430 linitque
558 3371 601 3417 AB
619 3371 682 3417 editi.
730 3372 761 3416 21
786 3373 901 3430 scriptura
918 3371 952 3427 B3
972 3368 1192 3430 cfi10m01012.

445 3443 477 3488 22
502 3443 579 3498 losue]
598 3441 664 3488 Iesus
683 3441 747 3488 editi.
802 3443 834 3488 23
854 3447 911 3500 poet
928 3442 1028 3488 tradidit
1046 3440 1068 3486 B
1086 3439 1142 3486 odd.
1161 3445 1192 3486 at.

443 3514 453 3558 11
465 3514 637 3559 Amorrhaeum
655 3513 719 3558 editi.
738 3512 747 3557 ΙΙ
765 3519 904 3572 consputum
921 3512 950 3558 B.
