<?xml version="1.0" encoding="UTF-8"?>
<!DOCTYPE html PUBLIC "-//W3C//DTD XHTML 1.0 Transitional//EN"
    "http://www.w3.org/TR/xhtml1/DTD/xhtml1-transitional.dtd">
<html xmlns="http://www.w3.org/1999/xhtml" xml:lang="en" lang="en">
 <head>
  <title>
</title>
<meta http-equiv="Content-Type" content="text/html;charset=utf-8" />
  <meta name='ocr-system' content='tesseract 3.04.00' />
  <meta name='ocr-capabilities' content='ocr_page ocr_carea ocr_par ocr_line ocrx_word'/>
</head>
<body>
  <div class='ocr_page' id='page_1' title='image "./ravennatisanony00ravegoog_0175.png"; bbox 0 0 2790 4196; ppageno 0'>
   <div class='ocr_carea' id='block_1_1' title="bbox 334 553 386 608">
    <p class='ocr_par' dir='ltr' id='par_1_1' title="bbox 334 553 386 608">
     <span class='ocr_line' id='line_1_1' title="bbox 334 553 386 608; textangle 90"><span class='ocrx_word' id='word_1_1' title='bbox 334 553 386 608; x_wconf 71' lang='grc' dir='ltr'><strong>ἓ</strong></span> 
     </span>
    </p>
   </div>
   <div class='ocr_carea' id='block_1_2' title="bbox 335 701 1154 2118">
    <p class='ocr_par' dir='ltr' id='par_1_2' title="bbox 554 701 643 768">
     <span class='ocr_line' id='line_1_2' title="bbox 554 701 643 768; baseline 0 0"><span class='ocrx_word' id='word_1_2' title='bbox 554 701 643 768; x_wconf 77' lang='lat' dir='ltr'>Usar</span> 
     </span>
    </p>

    <p class='ocr_par' dir='ltr' id='par_1_3' title="bbox 553 909 649 974">
     <span class='ocr_line' id='line_1_3' title="bbox 553 909 649 974; baseline 0.01 -1"><span class='ocrx_word' id='word_1_3' title='bbox 553 909 649 974; x_wconf 83' lang='lat' dir='ltr'>Mina</span> 
     </span>
    </p>

    <p class='ocr_par' dir='ltr' id='par_1_4' title="bbox 555 1009 630 1078">
     <span class='ocr_line' id='line_1_4' title="bbox 555 1009 630 1078; baseline -0.013 -1"><span class='ocrx_word' id='word_1_4' title='bbox 555 1009 630 1078; x_wconf 88' lang='lat' dir='ltr'>Sira</span> 
     </span>
    </p>

    <p class='ocr_par' dir='ltr' id='par_1_5' title="bbox 553 1115 720 1203">
     <span class='ocr_line' id='line_1_5' title="bbox 553 1115 720 1203; baseline 0.012 -24"><span class='ocrx_word' id='word_1_5' title='bbox 553 1115 720 1203; x_wconf 81' lang='lat' dir='ltr'>Tasagora</span> 
     </span>
    </p>

    <p class='ocr_par' dir='ltr' id='par_1_6' title="bbox 554 1217 654 1284">
     <span class='ocr_line' id='line_1_6' title="bbox 554 1217 654 1284; baseline 0.02 -2"><span class='ocrx_word' id='word_1_6' title='bbox 554 1217 654 1284; x_wconf 88' lang='lat' dir='ltr'>Isaris</span> 
     </span>
    </p>

    <p class='ocr_par' dir='ltr' id='par_1_7' title="bbox 555 1321 727 1409">
     <span class='ocr_line' id='line_1_7' title="bbox 555 1321 727 1409; baseline 0.017 -23"><span class='ocrx_word' id='word_1_7' title='bbox 555 1321 727 1409; x_wconf 77' lang='lat' dir='ltr'>Nigrensis</span> 
     </span>
    </p>

    <p class='ocr_par' dir='ltr' id='par_1_8' title="bbox 555 1425 710 1513">
     <span class='ocr_line' id='line_1_8' title="bbox 555 1425 710 1513; baseline 0.013 -23"><span class='ocrx_word' id='word_1_8' title='bbox 555 1425 658 1513; x_wconf 83' lang='lat' dir='ltr'>Ligar</span> <span class='ocrx_word' id='word_1_9' title='bbox 679 1437 710 1492; x_wconf 88' lang='lat' dir='ltr'>et</span> 
     </span>
    </p>

    <p class='ocr_par' dir='ltr' id='par_1_9' title="bbox 354 1529 679 1596">
     <span class='ocr_line' id='line_1_9' title="bbox 354 1529 679 1596; baseline -0.003 -1"><span class='ocrx_word' id='word_1_10' title='bbox 354 1551 369 1595; x_wconf 79' lang='lat' dir='ltr'>a</span> <span class='ocrx_word' id='word_1_11' title='bbox 556 1529 679 1596; x_wconf 91' lang='lat' dir='ltr'>Malba.</span> 
     </span>
    </p>

    <p class='ocr_par' dir='ltr' id='par_1_10' title="bbox 335 1631 1154 2118">
     <span class='ocr_line' id='line_1_10' title="bbox 338 1631 1154 1722; baseline -0.006 -20"><span class='ocrx_word' id='word_1_12' title='bbox 338 1659 369 1702; x_wconf 83' lang='lat' dir='ltr'>iu</span> <span class='ocrx_word' id='word_1_13' title='bbox 438 1631 470 1702; x_wconf 74' lang='grc'>9.</span> <span class='ocrx_word' id='word_1_14' title='bbox 514 1633 598 1698; x_wconf 83' lang='lat' dir='ltr'><strong>Item</strong></span> <span class='ocrx_word' id='word_1_15' title='bbox 619 1636 710 1701; x_wconf 86' lang='lat' dir='ltr'>iuxta</span> <span class='ocrx_word' id='word_1_16' title='bbox 724 1634 891 1702; x_wconf 78' lang='lat' dir='ltr'>Oceanum</span> <span class='ocrx_word' id='word_1_17' title='bbox 905 1638 1036 1722; x_wconf 90' lang='lat' dir='ltr'>ponitur</span> <span class='ocrx_word' id='word_1_18' title='bbox 1049 1635 1154 1720; x_wconf 88' lang='lat' dir='ltr'>patria</span> 
     </span>
     <span class='ocr_line' id='line_1_11' title="bbox 337 1735 1153 1822; baseline -0.005 -16"><span class='ocrx_word' id='word_1_19' title='bbox 337 1761 366 1806; x_wconf 89' lang='lat'>11</span> <span class='ocrx_word' id='word_1_20' title='bbox 406 1761 487 1822; x_wconf 89' lang='lat' dir='ltr'>quae</span> <span class='ocrx_word' id='word_1_21' title='bbox 510 1737 629 1804; x_wconf 83' lang='lat' dir='ltr'>dicitur</span> <span class='ocrx_word' id='word_1_22' title='bbox 649 1739 849 1805; x_wconf 77' lang='lat' dir='ltr'>Mauritania</span> <span class='ocrx_word' id='word_1_23' title='bbox 869 1739 999 1804; x_wconf 86' lang='lat' dir='ltr'>Perosis</span> <span class='ocrx_word' id='word_1_24' title='bbox 1020 1739 1073 1804; x_wconf 88' lang='lat' dir='ltr'>vel</span> <span class='ocrx_word' id='word_1_25' title='bbox 1093 1735 1153 1804; x_wconf 86' lang='lat' dir='ltr'>Sa-</span> 
     </span>
     <span class='ocr_line' id='line_1_12' title="bbox 336 1842 1154 1927; baseline -0.002 -19"><span class='ocrx_word' id='word_1_26' title='bbox 336 1863 369 1908; x_wconf 76' lang='lat' dir='ltr'>ia</span> <span class='ocrx_word' id='word_1_27' title='bbox 404 1842 557 1925; x_wconf 84' lang='lat' dir='ltr'>linarum,</span> <span class='ocrx_word' id='word_1_28' title='bbox 594 1865 677 1926; x_wconf 89' lang='lat' dir='ltr'>quae</span> <span class='ocrx_word' id='word_1_29' title='bbox 714 1845 881 1909; x_wconf 88' lang='lat' dir='ltr'>confinalis</span> <span class='ocrx_word' id='word_1_30' title='bbox 913 1843 1023 1909; x_wconf 79' lang='lat' dir='ltr'><strong>existit</strong></span> <span class='ocrx_word' id='word_1_31' title='bbox 1055 1863 1154 1927; x_wconf 88' lang='lat' dir='ltr'>snpra</span> 
     </span>
     <span class='ocr_line' id='line_1_13' title="bbox 337 1947 1154 2033; baseline -0.005 -21"><span class='ocrx_word' id='word_1_32' title='bbox 337 1967 368 2013; x_wconf 80' lang='lat' dir='ltr'>is</span> <span class='ocrx_word' id='word_1_33' title='bbox 405 1947 543 2032; x_wconf 84' lang='lat' dir='ltr'>scriptae</span> <span class='ocrx_word' id='word_1_34' title='bbox 571 1947 764 2033; x_wconf 81' lang='lat' dir='ltr'>Aethiopiae</span> <span class='ocrx_word' id='word_1_35' title='bbox 784 1947 977 2012; x_wconf 87' lang='lat' dir='ltr'>Bibcblutis.</span> <span class='ocrx_word' id='word_1_36' title='bbox 1027 1947 1061 2010; x_wconf 91' lang='lat' dir='ltr'>in</span> <span class='ocrx_word' id='word_1_37' title='bbox 1089 1968 1154 2028; x_wconf 89' lang='lat' dir='ltr'>qua</span> 
     </span>
     <span class='ocr_line' id='line_1_14' title="bbox 335 2049 1152 2118; baseline -0.007 0"><span class='ocrx_word' id='word_1_38' title='bbox 335 2071 368 2118; x_wconf 82' lang='lat'>14</span> <span class='ocrx_word' id='word_1_39' title='bbox 405 2049 572 2116; x_wconf 88' lang='lat' dir='ltr'>Perosium</span> <span class='ocrx_word' id='word_1_40' title='bbox 586 2051 785 2116; x_wconf 79' lang='lat' dir='ltr'>Mauritania</span> <span class='ocrx_word' id='word_1_41' title='bbox 801 2053 975 2116; x_wconf 78' lang='lat' dir='ltr'>maximum</span> <span class='ocrx_word' id='word_1_42' title='bbox 989 2050 1152 2114; x_wconf 84' lang='lat' dir='ltr'>desertum</span> 
     </span>
    </p>
   </div>
   <div class='ocr_carea' id='block_1_3' title="bbox 350 727 368 1490">
    <p class='ocr_par' dir='ltr' id='par_1_11' title="bbox 350 727 368 1490">
     <span class='ocr_line' id='line_1_15' title="bbox 350 727 368 1490; textangle 90"><span class='ocrx_word' id='word_1_43' title='bbox 350 727 368 1490; x_wconf 45' lang='lat' dir='ltr'>OEqfflQ-*QSEQ—</span> 
     </span>
    </p>
   </div>
   <div class='ocr_carea' id='block_1_4' title="bbox 335 2154 1153 2760">
    <p class='ocr_par' dir='ltr' id='par_1_12' title="bbox 335 2154 1153 2760">
     <span class='ocr_line' id='line_1_16' title="bbox 336 2154 1152 2240; baseline -0.005 -21"><span class='ocrx_word' id='word_1_44' title='bbox 336 2173 367 2220; x_wconf 72' lang='lat'>15</span> <span class='ocrx_word' id='word_1_45' title='bbox 405 2178 476 2220; x_wconf 84' lang='lat' dir='ltr'>esse</span> <span class='ocrx_word' id='word_1_46' title='bbox 498 2154 681 2220; x_wconf 87' lang='lat' dir='ltr'>ascribitur.</span> <span class='ocrx_word' id='word_1_47' title='bbox 725 2156 759 2218; x_wconf 93' lang='lat' dir='ltr'>in</span> <span class='ocrx_word' id='word_1_48' title='bbox 775 2177 839 2239; x_wconf 88' lang='lat' dir='ltr'>qua</span> <span class='ocrx_word' id='word_1_49' title='bbox 852 2155 958 2240; x_wconf 89' lang='lat' dir='ltr'>patria</span> <span class='ocrx_word' id='word_1_50' title='bbox 971 2164 1048 2219; x_wconf 88' lang='lat' dir='ltr'>sunt</span> <span class='ocrx_word' id='word_1_51' title='bbox 1061 2175 1152 2216; x_wconf 91' lang='lat' dir='ltr'>mon-</span> 
     </span>
     <span class='ocr_line' id='line_1_17' title="bbox 336 2257 1153 2344; baseline -0.006 -19"><span class='ocrx_word' id='word_1_52' title='bbox 336 2281 367 2325; x_wconf 76' lang='lat' dir='ltr'>is</span> <span class='ocrx_word' id='word_1_53' title='bbox 404 2267 454 2322; x_wconf 88' lang='lat' dir='ltr'>tes</span> <span class='ocrx_word' id='word_1_54' title='bbox 470 2259 524 2342; x_wconf 91' lang='lat' dir='ltr'>qui</span> <span class='ocrx_word' id='word_1_55' title='bbox 540 2257 797 2323; x_wconf 87' lang='lat' dir='ltr'>dicunturLitri.</span> <span class='ocrx_word' id='word_1_56' title='bbox 836 2261 928 2324; x_wconf 84' lang='lat' dir='ltr'>cuius</span> <span class='ocrx_word' id='word_1_57' title='bbox 942 2259 1064 2344; x_wconf 82' lang='lat' dir='ltr'>patriae</span> <span class='ocrx_word' id='word_1_58' title='bbox 1078 2265 1153 2341; x_wconf 84' lang='lat' dir='ltr'>post</span> 
     </span>
     <span class='ocr_line' id='line_1_18' title="bbox 335 2360 1152 2448; baseline -0.006 -19"><span class='ocrx_word' id='word_1_59' title='bbox 335 2385 367 2429; x_wconf 83' lang='lat'>17</span> <span class='ocrx_word' id='word_1_60' title='bbox 403 2371 497 2448; x_wconf 77' lang='lat' dir='ltr'>terga</span> <span class='ocrx_word' id='word_1_61' title='bbox 517 2362 630 2446; x_wconf 89' lang='lat' dir='ltr'>procul</span> <span class='ocrx_word' id='word_1_62' title='bbox 651 2363 735 2426; x_wconf 86' lang='lat' dir='ltr'>infra</span> <span class='ocrx_word' id='word_1_63' title='bbox 750 2360 919 2428; x_wconf 78' lang='lat' dir='ltr'>Oceanum</span> <span class='ocrx_word' id='word_1_64' title='bbox 940 2372 1006 2427; x_wconf 87' lang='lat' dir='ltr'>tres</span> <span class='ocrx_word' id='word_1_65' title='bbox 1028 2361 1152 2426; x_wconf 85' lang='lat' dir='ltr'>insulae</span> 
     </span>
     <span class='ocr_line' id='line_1_19' title="bbox 336 2463 1152 2552; baseline -0.001 -21"><span class='ocrx_word' id='word_1_66' title='bbox 336 2485 367 2533; x_wconf 74' lang='grc' dir='ltr'>ιε</span> <span class='ocrx_word' id='word_1_67' title='bbox 405 2463 622 2529; x_wconf 86' lang='lat' dir='ltr'>inveniuntur.</span> <span class='ocrx_word' id='word_1_68' title='bbox 667 2467 758 2531; x_wconf 88' lang='lat' dir='ltr'>cuius</span> <span class='ocrx_word' id='word_1_69' title='bbox 786 2468 909 2552; x_wconf 82' lang='lat' dir='ltr'>patriae</span> <span class='ocrx_word' id='word_1_70' title='bbox 937 2465 979 2530; x_wconf 87' lang='lat' dir='ltr'>ad</span> <span class='ocrx_word' id='word_1_71' title='bbox 1003 2467 1152 2545; x_wconf 80' lang='lat' dir='ltr'>frontem,</span> 
     </span>
     <span class='ocr_line' id='line_1_20' title="bbox 336 2567 1152 2656; baseline -0.004 -21"><span class='ocrx_word' id='word_1_72' title='bbox 336 2591 367 2635; x_wconf 81' lang='lat' dir='ltr'>ia</span> <span class='ocrx_word' id='word_1_73' title='bbox 404 2591 462 2654; x_wconf 89' lang='lat' dir='ltr'>per</span> <span class='ocrx_word' id='word_1_74' title='bbox 483 2567 648 2634; x_wconf 89' lang='lat' dir='ltr'>meridiem</span> <span class='ocrx_word' id='word_1_75' title='bbox 671 2580 778 2636; x_wconf 82' lang='lat' dir='ltr'>essent</span> <span class='ocrx_word' id='word_1_76' title='bbox 801 2571 934 2656; x_wconf 78' lang='lat' dir='ltr'>espatia‚</span> <span class='ocrx_word' id='word_1_77' title='bbox 955 2570 1032 2634; x_wconf 86' lang='lat' dir='ltr'>litus</span> <span class='ocrx_word' id='word_1_78' title='bbox 1054 2570 1152 2633; x_wconf 88' lang='lat' dir='ltr'>maris</span> 
     </span>
     <span class='ocr_line' id='line_1_21' title="bbox 335 2673 1152 2760; baseline -0.004 -20"><span class='ocrx_word' id='word_1_79' title='bbox 335 2695 368 2740; x_wconf 77' lang='lat'>20</span> <span class='ocrx_word' id='word_1_80' title='bbox 404 2673 513 2758; x_wconf 83' lang='lat' dir='ltr'>magni</span> <span class='ocrx_word' id='word_1_81' title='bbox 534 2674 663 2757; x_wconf 90' lang='lat' dir='ltr'>ponitur</span> <span class='ocrx_word' id='word_1_82' title='bbox 685 2676 789 2760; x_wconf 88' lang='lat' dir='ltr'>patria</span> <span class='ocrx_word' id='word_1_83' title='bbox 811 2697 893 2758; x_wconf 88' lang='lat' dir='ltr'>qnae</span> <span class='ocrx_word' id='word_1_84' title='bbox 916 2673 1035 2738; x_wconf 86' lang='lat' dir='ltr'>dicitur</span> <span class='ocrx_word' id='word_1_85' title='bbox 1056 2674 1152 2738; x_wconf 87' lang='lat' dir='ltr'>Man-</span> 
     </span>
    </p>
   </div>
   <div class='ocr_carea' id='block_1_5' title="bbox 402 2833 1152 3604">
    <p class='ocr_par' dir='ltr' id='par_1_13' title="bbox 402 2833 1152 3604">
     <span class='ocr_line' id='line_1_22' title="bbox 405 2833 1150 2906; baseline 0.007 -24"><span class='ocrx_word' id='word_1_86' title='bbox 405 2838 417 2882; x_wconf 91' lang='lat'>1</span> <span class='ocrx_word' id='word_1_87' title='bbox 438 2834 500 2881; x_wconf 81' lang='lat' dir='ltr'>Usar</span> <span class='ocrx_word' id='word_1_88' title='bbox 517 2837 588 2881; x_wconf 75' lang='lat' dir='ltr'>etiam</span> <span class='ocrx_word' id='word_1_89' title='bbox 600 2835 672 2892; x_wconf 75' lang='lat' dir='ltr'>Plia,</span> <span class='ocrx_word' id='word_1_90' title='bbox 690 2839 808 2906; x_wconf 76' lang='grc' dir='ltr'><em>Σίααρος</em></span> <span class='ocrx_word' id='word_1_91' title='bbox 818 2837 947 2902; x_wconf 79' lang='grc' dir='ltr'><strong><em>ποταμοῦ</em></strong></span> <span class='ocrx_word' id='word_1_92' title='bbox 959 2833 1072 2902; x_wconf 65' lang='grc' dir='ltr'><strong><em>ἐκβολαὶ</em></strong></span> <span class='ocrx_word' id='word_1_93' title='bbox 1085 2834 1150 2882; x_wconf 80' lang='lat' dir='ltr'>Ptol.</span> 
     </span>
     <span class='ocr_line' id='line_1_23' title="bbox 404 2905 1152 2967; baseline 0 -15"><span class='ocrx_word' id='word_1_94' title='bbox 404 2907 418 2952; x_wconf 80' lang='lat'>8</span> <span class='ocrx_word' id='word_1_95' title='bbox 438 2905 519 2962; x_wconf 78' lang='lat' dir='ltr'>Minu]</span> <span class='ocrx_word' id='word_1_96' title='bbox 538 2905 649 2967; x_wconf 71' lang='lat' dir='ltr'>hodieque</span> <span class='ocrx_word' id='word_1_97' title='bbox 666 2921 749 2953; x_wconf 79' lang='lat' dir='ltr'>acmen</span> <span class='ocrx_word' id='word_1_98' title='bbox 760 2907 837 2966; x_wconf 80' lang='lat' dir='ltr'>fluvii,</span> <span class='ocrx_word' id='word_1_99' title='bbox 859 2908 893 2952; x_wconf 84' lang='lat' dir='ltr'>ad</span> <span class='ocrx_word' id='word_1_100' title='bbox 910 2922 976 2966; x_wconf 80' lang='lat' dir='ltr'>quem</span> <span class='ocrx_word' id='word_1_101' title='bbox 993 2911 1041 2953; x_wconf 73' lang='lat' dir='ltr'>atta</span> <span class='ocrx_word' id='word_1_102' title='bbox 1058 2907 1152 2952; x_wconf 81' lang='lat' dir='ltr'>videtur</span> 
     </span>
     <span class='ocr_line' id='line_1_24' title="bbox 402 2975 1152 3038; baseline 0.003 -16"><span class='ocrx_word' id='word_1_103' title='bbox 402 2975 469 3023; x_wconf 86' lang='lat' dir='ltr'>Mina</span> <span class='ocrx_word' id='word_1_104' title='bbox 496 2979 551 3023; x_wconf 82' lang='lat' dir='ltr'>Ant.</span> <span class='ocrx_word' id='word_1_105' title='bbox 618 2979 632 3024; x_wconf 80' lang='lat'><strong>5</strong></span> <span class='ocrx_word' id='word_1_106' title='bbox 660 2977 795 3024; x_wconf 80' lang='lat' dir='ltr'>Tasaccora</span> <span class='ocrx_word' id='word_1_107' title='bbox 811 2979 922 3038; x_wconf 77' lang='lat' dir='ltr'>oppidum</span> <span class='ocrx_word' id='word_1_108' title='bbox 939 2980 1004 3036; x_wconf 68' lang='lat' dir='ltr'>Aac„</span> <span class='ocrx_word' id='word_1_109' title='bbox 1031 2979 1152 3026; x_wconf 76' lang='lat' dir='ltr'>Tasacora</span> 
     </span>
     <span class='ocr_line' id='line_1_25' title="bbox 403 3047 1151 3107; baseline 0.007 -15"><span class='ocrx_word' id='word_1_110' title='bbox 403 3049 454 3093; x_wconf 83' lang='lat'>160</span> <span class='ocrx_word' id='word_1_111' title='bbox 473 3049 498 3094; x_wconf 82' lang='lat'>6.</span> <span class='ocrx_word' id='word_1_112' title='bbox 554 3049 568 3092; x_wconf 83' lang='lat'><strong>7</strong></span> <span class='ocrx_word' id='word_1_113' title='bbox 596 3047 720 3107; x_wconf 72' lang='lat' dir='ltr'>Nigrensis</span> <span class='ocrx_word' id='word_1_114' title='bbox 738 3049 803 3094; x_wconf 82' lang='lat' dir='ltr'>editi.</span> <span class='ocrx_word' id='word_1_115' title='bbox 857 3051 871 3094; x_wconf 83' lang='lat'>9</span> <span class='ocrx_word' id='word_1_116' title='bbox 899 3048 981 3095; x_wconf 78' lang='lat' dir='ltr'>Malva</span> <span class='ocrx_word' id='word_1_117' title='bbox 998 3051 1063 3106; x_wconf 70' lang='lat' dir='ltr'>Aac,</span> <span class='ocrx_word' id='word_1_118' title='bbox 1092 3052 1151 3098; x_wconf 83' lang='lat' dir='ltr'>Ma-</span> 
     </span>
     <span class='ocr_line' id='line_1_26' title="bbox 402 3113 1150 3180; baseline -0.005 -12"><span class='ocrx_word' id='word_1_119' title='bbox 402 3113 469 3168; x_wconf 68' lang='lat' dir='ltr'>tota</span> <span class='ocrx_word' id='word_1_120' title='bbox 486 3114 600 3180; x_wconf 71' lang='lat' dir='ltr'>lussodal</span> <span class='ocrx_word' id='word_1_121' title='bbox 614 3117 686 3176; x_wconf 69' lang='lat' dir='ltr'>Ptol„</span> <span class='ocrx_word' id='word_1_122' title='bbox 705 3118 817 3164; x_wconf 82' lang='lat' dir='ltr'>Malrane</span> <span class='ocrx_word' id='word_1_123' title='bbox 835 3118 898 3166; x_wconf 82' lang='lat' dir='ltr'>Plia.</span> <span class='ocrx_word' id='word_1_124' title='bbox 955 3123 984 3166; x_wconf 96' lang='lat' dir='ltr'>ll</span> <span class='ocrx_word' id='word_1_125' title='bbox 1005 3120 1150 3176; x_wconf 80' lang='lat' dir='ltr'>Salinarum}</span> 
     </span>
     <span class='ocr_line' id='line_1_27' title="bbox 403 3188 1150 3246; baseline 0 -10"><span class='ocrx_word' id='word_1_126' title='bbox 403 3188 497 3236; x_wconf 79' lang='lat' dir='ltr'>Salinas</span> <span class='ocrx_word' id='word_1_127' title='bbox 509 3189 698 3234; x_wconf 79' lang='lat' dir='ltr'>Nubonenenses</span> <span class='ocrx_word' id='word_1_128' title='bbox 716 3189 786 3234; x_wconf 77' lang='lat' dir='ltr'>habet</span> <span class='ocrx_word' id='word_1_129' title='bbox 801 3190 856 3236; x_wconf 85' lang='lat' dir='ltr'>Tnb.</span> <span class='ocrx_word' id='word_1_130' title='bbox 908 3191 938 3236; x_wconf 74' lang='lat'>12</span> <span class='ocrx_word' id='word_1_131' title='bbox 958 3193 1050 3246; x_wconf 72' lang='lat' dir='ltr'>existit!</span> <span class='ocrx_word' id='word_1_132' title='bbox 1068 3199 1106 3238; x_wconf 82' lang='lat' dir='ltr'>ast</span> <span class='ocrx_word' id='word_1_133' title='bbox 1125 3189 1150 3236; x_wconf 81' lang='lat' dir='ltr'>G.</span> 
     </span>
     <span class='ocr_line' id='line_1_28' title="bbox 405 3259 1151 3319; baseline 0.001 -14"><span class='ocrx_word' id='word_1_134' title='bbox 405 3261 436 3306; x_wconf 78' lang='lat' dir='ltr'>le</span> <span class='ocrx_word' id='word_1_135' title='bbox 455 3259 567 3319; x_wconf 71' lang='lat' dir='ltr'>ethyopia</span> <span class='ocrx_word' id='word_1_136' title='bbox 587 3261 616 3306; x_wconf 88' lang='lat' dir='ltr'>B.</span> <span class='ocrx_word' id='word_1_137' title='bbox 643 3261 652 3306; x_wconf 78' lang='lat' dir='ltr'>t</span> <span class='ocrx_word' id='word_1_138' title='bbox 679 3259 809 3306; x_wconf 81' lang='lat' dir='ltr'>bibcblatis</span> <span class='ocrx_word' id='word_1_139' title='bbox 828 3261 879 3318; x_wconf 81' lang='lat' dir='ltr'>AB,</span> <span class='ocrx_word' id='word_1_140' title='bbox 901 3261 1042 3308; x_wconf 85' lang='lat' dir='ltr'>biblablatis</span> <span class='ocrx_word' id='word_1_141' title='bbox 1063 3260 1086 3318; x_wconf 77' lang='lat'>0,</span> <span class='ocrx_word' id='word_1_142' title='bbox 1110 3261 1151 3306; x_wconf 90' lang='lat' dir='ltr'>Bi-</span> 
     </span>
     <span class='ocr_line' id='line_1_29' title="bbox 402 3329 1149 3388; baseline 0.003 -12"><span class='ocrx_word' id='word_1_143' title='bbox 402 3329 508 3376; x_wconf 72' lang='lat' dir='ltr'>utebaris</span> <span class='ocrx_word' id='word_1_144' title='bbox 526 3331 590 3377; x_wconf 81' lang='lat' dir='ltr'>editi.</span> <span class='ocrx_word' id='word_1_145' title='bbox 666 3331 695 3376; x_wconf 66' lang='lat'>1⁶</span> <span class='ocrx_word' id='word_1_146' title='bbox 723 3331 867 3377; x_wconf 83' lang='lat' dir='ltr'>adscribitur</span> <span class='ocrx_word' id='word_1_147' title='bbox 884 3333 947 3378; x_wconf 78' lang='lat' dir='ltr'>editi.</span> <span class='ocrx_word' id='word_1_148' title='bbox 1017 3335 1047 3378; x_wconf 79' lang='lat'>16</span> <span class='ocrx_word' id='word_1_149' title='bbox 1075 3333 1149 3388; x_wconf 83' lang='lat' dir='ltr'>Litril</span> 
     </span>
     <span class='ocr_line' id='line_1_30' title="bbox 403 3397 1150 3462; baseline 0.005 -17"><span class='ocrx_word' id='word_1_150' title='bbox 403 3397 513 3458; x_wconf 81' lang='lat' dir='ltr'>Lytricns</span> <span class='ocrx_word' id='word_1_151' title='bbox 532 3402 601 3459; x_wconf 52' lang='lat' dir='ltr'>edita·</span> <span class='ocrx_word' id='word_1_152' title='bbox 619 3401 682 3462; x_wconf 90' lang='lat' dir='ltr'>cs.7</span> <span class='ocrx_word' id='word_1_153' title='bbox 702 3402 745 3447; x_wconf 67' lang='lat'>14.</span> <span class='ocrx_word' id='word_1_154' title='bbox 814 3405 845 3448; x_wconf 84' lang='lat'>17</span> <span class='ocrx_word' id='word_1_155' title='bbox 863 3401 903 3449; x_wconf 76' lang='lat' dir='ltr'>dd</span> <span class='ocrx_word' id='word_1_156' title='bbox 920 3409 968 3449; x_wconf 84' lang='lat' dir='ltr'>tres</span> <span class='ocrx_word' id='word_1_157' title='bbox 986 3404 1076 3450; x_wconf 81' lang='lat' dir='ltr'>insulas</span> <span class='ocrx_word' id='word_1_158' title='bbox 1094 3406 1150 3450; x_wconf 78' lang='lat' dir='ltr'>Ant.</span> 
     </span>
     <span class='ocr_line' id='line_1_31' title="bbox 405 3471 1149 3534; baseline 0.007 -19"><span class='ocrx_word' id='word_1_159' title='bbox 405 3471 436 3516; x_wconf 79' lang='lat' dir='ltr'>ta</span> <span class='ocrx_word' id='word_1_160' title='bbox 463 3473 596 3530; x_wconf 81' lang='lat' dir='ltr'>meridiem]</span> <span class='ocrx_word' id='word_1_161' title='bbox 615 3474 720 3520; x_wconf 81' lang='lat' dir='ltr'>medium</span> <span class='ocrx_word' id='word_1_162' title='bbox 745 3473 814 3530; x_wconf 79' lang='lat' dir='ltr'>editi5</span> <span class='ocrx_word' id='word_1_163' title='bbox 843 3472 910 3534; x_wconf 82' lang='lat' dir='ltr'>cs.7</span> <span class='ocrx_word' id='word_1_164' title='bbox 933 3474 967 3519; x_wconf 86' lang='lat'>17</span> <span class='ocrx_word' id='word_1_165' title='bbox 992 3482 1015 3520; x_wconf 77' lang='lat' dir='ltr'>et</span> <span class='ocrx_word' id='word_1_166' title='bbox 1037 3475 1087 3520; x_wconf 88' lang='grc'>161</span> <span class='ocrx_word' id='word_1_167' title='bbox 1107 3473 1149 3520; x_wconf 83' lang='grc'>13.</span> 
     </span>
     <span class='ocr_line' id='line_1_32' title="bbox 402 3541 1149 3604; baseline 0.005 -18"><span class='ocrx_word' id='word_1_168' title='bbox 402 3541 412 3586; x_wconf 83' lang='lat' dir='ltr'>tl</span> <span class='ocrx_word' id='word_1_169' title='bbox 426 3543 521 3600; x_wconf 64' lang='lat' dir='ltr'>caprasio</span> <span class='ocrx_word' id='word_1_170' title='bbox 535 3543 559 3590; x_wconf 75' lang='lat'>0.</span> <span class='ocrx_word' id='word_1_171' title='bbox 609 3545 640 3591; x_wconf 82' lang='lat'>20</span> <span class='ocrx_word' id='word_1_172' title='bbox 661 3547 730 3604; x_wconf 82' lang='lat' dir='ltr'>quael</span> <span class='ocrx_word' id='word_1_173' title='bbox 744 3545 832 3604; x_wconf 87' lang='lat' dir='ltr'>quitria</span> <span class='ocrx_word' id='word_1_174' title='bbox 844 3547 886 3604; x_wconf 87' lang='lat' dir='ltr'>qui</span> <span class='ocrx_word' id='word_1_175' title='bbox 898 3547 949 3602; x_wconf 82' lang='lat' dir='ltr'>AB,</span> <span class='ocrx_word' id='word_1_176' title='bbox 964 3547 1052 3604; x_wconf 87' lang='lat' dir='ltr'>quitria</span> <span class='ocrx_word' id='word_1_177' title='bbox 1064 3559 1110 3604; x_wconf 87' lang='lat' dir='ltr'>que</span> <span class='ocrx_word' id='word_1_178' title='bbox 1125 3545 1149 3591; x_wconf 81' lang='lat' dir='ltr'>C.</span> 
     </span>
    </p>
   </div>
   <div class='ocr_carea' id='block_1_6' title="bbox 0 0 1400 4196">
    <p class='ocr_par' dir='ltr' id='par_1_14' title="bbox 0 0 1400 4196">
     <span class='ocr_line' id='line_1_33' title="bbox 0 0 1400 4196; baseline 0 0"><span class='ocrx_word' id='word_1_179' title='bbox 0 0 1400 4196; x_wconf 95' lang='lat' dir='ltr'> </span> 
     </span>
    </p>
   </div>
  </div>
 </body>
</html>
