2710 4004
211 393 293 430 ovino
313 383 328 428 8
987 383 1037 435 451

230 551 242 596 1
280 527 417 592 hominis
433 527 488 609 ait,
504 527 611 613 ipsum
627 527 723 593 deum
735 550 842 594 rerum
856 539 1032 596 creatorem

229 655 243 700 a
280 629 401 696 dixisse
433 653 517 712 „non
540 639 590 696 est
612 631 749 714 bonum,
778 632 941 697 hominem
964 655 1034 699 esse

228 755 243 802 a
281 735 400 814 solum3
429 735 585 800 faciamus
615 736 645 800 ei
673 735 869 801 adiutorium
899 737 1033 802 simile.“

227 849 244 897 4
279 859 337 924 per
359 839 447 924 quod
465 838 584 924 probat
599 847 632 903 et
646 838 797 918 ostendit,
821 863 1034 924 unumquem-

227 957 242 1004 t
280 965 342 1027 que
364 943 530 1010 hominum
553 943 668 1008 ceteris
691 943 874 1010 hominibus
896 944 987 1010 nasci
1002 954 1034 1008 et

227 1064 242 1110 6
280 1047 326 1111 eis
349 1045 466 1112 debere
489 1047 641 1112 officium.

228 1167 241 1212 7
311 1150 343 1218 3.
388 1149 487 1216 Unde
505 1173 566 1236 ego
578 1147 688 1216 Guido
699 1149 851 1216 inductus
861 1173 920 1236 pro
932 1151 1035 1216 scien·

227 1270 242 1315 8
278 1257 325 1320 tia
339 1277 411 1320 mea
426 1263 459 1318 et
473 1253 595 1319 viribus
608 1254 707 1318 statui
717 1255 751 1318 in
762 1255 894 1320 humani
906 1255 1033 1342 generis

227 1377 241 1421 a
279 1359 467 1424 societatem
482 1358 615 1422 civitae
631 1360 888 1424 communionem
902 1380 1034 1443 operum

211 1484 242 1529 10
280 1471 312 1528 et
334 1461 515 1527 studiorum
537 1485 681 1527 meorum
704 1461 866 1546 quandam
888 1462 1033 1527 conferre

211 1588 241 1632 11
278 1567 469 1652 particulam
491 1566 589 1652 longo
613 1567 826 1649 conquisitam
848 1565 969 1646 labore,
997 1573 1033 1628 ut

211 1689 242 1734 12
280 1693 390 1735 eorum
419 1669 474 1753 qui
510 1668 550 1732 de
584 1669 700 1735 officiis
732 1671 889 1756 scripsere
917 1667 1032 1734 studiis

211 1793 241 1838 13
280 1771 492 1854 concordans,
510 1795 545 1836 re
557 1773 628 1858 ipsa
640 1783 672 1838 et
684 1775 837 1840 exercitio
849 1783 882 1840 et
892 1775 927 1838 in
940 1795 1032 1859 prae-

211 1900 242 1945 14
278 1877 363 1942 senti
385 1885 418 1941 et
439 1884 563 1941 ceteros
584 1900 656 1942 meo
670 1879 803 1944 incitem
819 1877 976 1964 exemplo,
999 1885 1032 1940 et

209 2001 240 2049 15
277 1981 312 2046 in
333 1981 442 2046 futuro
466 1979 508 2045 ad
530 1979 618 2064 quod
632 1981 743 2048 laboro
760 1989 792 2048 ct
806 1980 939 2047 intendo
955 2002 1031 2044 con-

209 2107 240 2154 16
277 2106 395 2169 sequar
415 2085 602 2170 praemium.

312 2309 404 2356 codices
422 2308 495 2372 bsmr.

279 2419 291 2461 1
320 2415 425 2463 hominia
455 2416 546 2463 coanid.
575 2418 600 2462 ia
627 2415 649 2463 b.
739 2417 755 2464 4
783 2431 968 2478 unumquenque
997 2433 1027 2464 m.

277 2485 291 2532 ii
321 2487 420 2533 cacteris
447 2502 469 2532 r.
543 2487 557 2533 6
586 2488 632 2544 eis}
661 2489 712 2534 eius
738 2503 761 2534 r.
834 2491 848 2536 7
876 2488 981 2535 sciencia
1001 2488 1027 2549 f.

276 2558 290 2603 9
319 2558 487 2604 comunionem
507 2555 549 2618 fr.
641 2559 672 2604 12
700 2559 797 2618 scripsit
815 2559 894 2620 (corr.
913 2558 947 2604 al.
965 2575 1028 2606 marr.

274 2629 435 2689 scripserunt)
454 2644 484 2674 m.
541 2631 572 2675 13
601 2630 719 2676 exercicio
739 2627 766 2691 f.
823 2631 854 2676 14
882 2635 988 2677 caeteros
1005 2646 1026 2675 r.

274 2698 365 2756 iimcc]
384 2700 456 2746 modo
474 2714 519 2745 mr.
576 2701 607 2746 16
635 2701 664 2746 In
683 2699 714 2761 bf
727 2707 856 2761 sequuntur
874 2699 931 2747 hoec

295 2821 305 2858 1
362 2804 456 2852 Primus
474 2804 536 2850 liber
554 2806 662 2852 continet
678 2806 781 2864 italiam,
800 2807 871 2854 urbes
890 2813 914 2854 et
931 2808 1028 2867 provin·

293 2888 307 2928 α
327 2875 376 2922 cias
394 2873 473 2933 Italic,
493 2879 517 2922 et
533 2875 667 2922 Romanam
685 2877 818 2924 historiam.

293 2961 307 2999 ³
363 2945 486 2992 Secundus
499 2948 529 2992 dc
541 2947 621 3006 regnis
632 2946 766 3005 militiaque
783 2947 917 3006 vocubulis,
937 2950 966 2996 de
978 2950 1028 2996 cdi-

294 3033 305 3069 4
326 3017 387 3062 ficiis
404 3015 517 3076 publicis,
545 3017 574 3063 do
597 3016 751 3075 habitaculis,
779 3019 809 3064 de
827 3019 929 3077 civibus,
956 3021 1027 3066 etde

293 3102 305 3140 s
326 3087 412 3134 anulis.

292 3172 306 3210 6
362 3158 456 3204 Tertius
474 3159 503 3204 de
522 3159 639 3206 divisione
658 3158 731 3216 orbis,
756 3159 785 3204 da
802 3157 869 3217 Asia,
889 3161 918 3206 de
936 3158 1025 3218 Africa,

291 3243 303 3281 τ
325 3229 354 3275 de
367 3229 473 3288 Europa,
492 3230 809 3291 nominaplriiosophorum,
828 3232 858 3277 de
870 3245 934 3277 mare
952 3232 1027 3278 medi-

325 3382 476 3436 irrorans.
529 3383 676 3435 imiiiciaqua
684 3384 709 3438 s.
761 3383 902 3471 (iteruiusffr‘.

826 3457 856 3495 ²9
