2562 3996
183 399 265 434 22222
286 388 319 434 64
954 381 1008 436 499

204 555 212 599 1
289 529 342 599 63.
388 530 660 616 septimadecima
687 532 854 618 provincia
877 527 1011 596 Corsica

203 657 217 701 2
255 635 379 700 aduae
403 658 461 700 auo
485 631 587 700 Corso
610 658 727 701 nomen
756 635 899 721 accepit,
928 657 1009 719 quae

202 761 216 806 2
254 738 353 804 habet
374 741 408 803 in
430 739 563 826 longum
578 740 714 806 miliaria
732 741 795 807 160
811 749 843 804 et
859 739 892 803 in
908 740 1009 804 latum

200 867 216 911 2
255 844 309 925 26,
332 867 349 908 e
374 844 464 908 cuius
480 843 631 909 subactas
646 843 743 909 urbes
758 843 864 925 intuli,
886 843 988 908 idest

202 972 215 1018 5
406 946 564 1012 Marianis

201 1075 216 1120 a
405 1047 540 1115 Colonia
561 1051 636 1116 Iulii

202 1179 214 1223 7
404 1154 579 1220 Turrinum

201 1282 215 1326 8
405 1255 563 1324 Coenium

201 1385 215 1430 9
404 1363 592 1451 Agiagium.

184 1489 215 1534 10
286 1462 339 1532 64.
386 1463 640 1533 Octavadecima
667 1470 834 1554 provincia
861 1465 1010 1534 Sardinia

184 1592 214 1634 11
253 1589 335 1650 quae
357 1569 391 1632 in
407 1570 561 1655 Tyrrenis
584 1572 737 1638 fluctibus
760 1572 911 1653 ambitur,
934 1580 967 1635 et
990 1595 1010 1636 a

184 1693 215 1737 12
253 1670 356 1736 Sardo
379 1671 531 1738 Herculis
554 1675 620 1739 filio
642 1677 836 1759 nominatur,
859 1677 1010 1760 quicum

184 1797 215 1842 12
253 1797 371 1861 magna
397 1777 603 1842 multitudine
633 1778 675 1842 ad
700 1779 829 1844 Libiam
858 1787 908 1844 est
935 1801 1009 1863 pro-

184 1902 216 1946 14
252 1879 374 1962 fectus,
402 1878 585 1946 Sardiniam
615 1883 803 1968 occupavit,
832 1891 864 1947 et
887 1905 927 1947 ex
950 1905 1008 1946 suo

184 2009 214 2054 15
252 1983 410 2049 vocabulo
426 1985 549 2050 insulae
564 2009 681 2050 nomen
696 1986 795 2052 dedit.
827 2009 908 2071 quae
919 1995 1009 2050 tenet

183 2117 214 2162 16
251 2089 285 2152 in
307 2089 441 2176 longum
463 2090 600 2154 miliaria
616 2091 681 2158 230
705 2099 737 2154 et
759 2091 914 2154 inlatum
935 2089 1006 2165 180,

183 2219 213 2264 17
251 2193 285 2256 in
300 2215 364 2278 qua
378 2194 534 2279 plurimae
548 2195 678 2259 fuerunt
694 2195 852 2278 civitates,
874 2215 1009 2278 quarum

182 2322 214 2366 18
251 2297 379 2362 urbium
402 2299 532 2363 nomina
554 2297 699 2364 subnexa
721 2307 806 2364 sunt.

183 2426 214 2470 19
405 2399 529 2468 Caralis

182 2529 214 2573 2ο
401 2506 590 2592 Agenorum

181 2633 213 2677 21
402 2607 492 2676 Sulci

182 2737 213 2780 22
402 2712 604 2799 Sardiparias

286 2915 377 2960 codices
395 2912 461 2974 bsmr
479 2919 501 2959 et
518 2914 582 2959 Μαι.
716 2911 749 2973 cf.
762 2914 822 2959 Rav.
836 2911 889 2959 413
907 2913 970 2972 daq.

251 3023 266 3066 4
280 3022 380 3068 subacta
386 3019 412 3081 f.
459 3020 612 3066 7turrinium
627 3022 699 3077 Mar„
718 3021 828 3066 tunnium
836 3018 862 3080 s.
911 3022 925 3066 9
938 3034 1007 3079 agra—

250 3105 306 3151 gum
328 3093 392 3137 Μαι.
467 3093 496 3136 11
526 3091 621 3138 tirrenis
639 3090 665 3152 s,
694 3093 784 3151 tytanis
807 3107 856 3148 mr,
886 3092 1005 3150 thyrrenia

249 3164 314 3208 Maz.
341 3163 351 3208 ΙΙ
377 3163 516 3209 ambiuntur
535 3161 570 3222 bf.
598 3163 607 3207 Η
633 3178 648 3208 a
667 3162 756 3218 Sardo}
781 3164 851 3209 sardo
871 3163 923 3210 aius
940 3163 1004 3208 Mar.

252 3235 282 3279 12
311 3232 445 3294 hercules.
515 3235 545 3280 13
574 3235 605 3279 ad
623 3233 715 3294 libyam
733 3239 770 3279 est
791 3236 865 3291 Μαι,
893 3248 908 3279 a
926 3233 1007 3292 Libya

249 3305 338 3351 Isidori
350 3308 410 3364 oriy.
426 3305 459 3351 11
480 3307 496 3350 6
514 3305 547 3352 39
566 3305 628 3350 ande
640 3305 697 3351 haec
710 3311 803 3364 sumpta
814 3311 878 3352 aaut.
919 3307 950 3350 16
969 3304 1005 3350 la-

250 3381 315 3434 tuml
336 3377 411 3423 altum
431 3374 494 3424 Maa.
552 3378 582 3422 17
612 3377 677 3423 fuere
697 3377 755 3423 bmr.
1002 3375 1005 3380 '

805 3445 857 3500 aa*
