2872 4210
371 1395 385 1440 7

371 1607 385 1650 9

354 1709 385 1754 10

354 1816 384 1860 ll

353 1919 384 1964 12

353 2026 384 2071 18

352 2129 385 2174 14

353 2234 384 2280 15

353 2338 384 2383 16

352 2442 383 2486 17

352 2545 383 2590 18

351 2649 382 2694 19

350 2753 382 2798 20

349 2856 380 2900 21

350 2956 382 3002 22

571 851 745 936 Liponissa

572 954 681 1020 Tilidn

571 1057 697 1125 Sanora

571 1163 728 1248 Tegamia

573 1266 724 1332 Gravete.

466 1373 530 1438 Per
540 1394 636 1456 quam
647 1370 845 1455 Hyrcaniam
855 1370 992 1456 plurima
1005 1381 1172 1438 transetmt

421 1475 563 1557 flumina,
585 1476 669 1539 inter
691 1482 798 1537 cetera
819 1494 900 1556 quae
923 1472 1075 1540 dicuntur

571 1577 703 1642 Iarartis

572 1680 665 1748 Oxus

571 1785 688 1850 Austia

570 1890 728 1978 Nigrinus

570 1995 709 2059 Maritus

830 1250 845 1277 t

570 2096 680 2164 Sicris.

457 2205 497 2269 In
510 2228 573 2288 qna
583 2203 760 2289 Hyrcania,
776 2209 812 2265 ut
824 2200 974 2282 diximnn,
985 2225 1025 2266 ex
1037 2200 1169 2270 Oceano

422 2306 575 2394 Caspium
607 2327 749 2370 summae
783 2305 1039 2389 septentfionalis
1068 2310 1169 2393 partis

419 2413 581 2498 pertinens
603 2409 761 2474 maximus
777 2408 866 2472 sinus
881 2407 1055 2494 Hyrcanus
1071 2413 1170 2475 ascri-

419 2515 515 2580 bitur.

451 2618 482 2687 9.
527 2617 611 2682 Item
633 2638 698 2680 non
720 2615 816 2702 longe
845 2614 886 2679 ab
910 2615 980 2701 ipsa
1002 2616 1170 2702 Hyrcania

418 2724 548 2810 ponitur
568 2720 673 2806 patria
695 2741 776 2802 quae
799 2719 917 2783 dicit-ur
931 2719 1044 2784 Media
1057 2721 1168 2803 maior,

419 2849 500 2912 qnae
522 2823 621 2888 habet
641 2822 840 2907 provincias,
862 2822 897 2885 id
920 2832 969 2886 est

569 2925 676 2992 Gelon

420 3081 523 3131 lLalln
544 3081 599 3126 rab.
655 3081 669 3126 3
693 3079 780 3136 Tilida}
799 3079 900 3126 Philndo
922 3079 991 3126 rant
1038 3083 1053 3126 4
1077 3079 1169 3127 Sanora

418 3157 488 3201 etiam
503 3151 558 3197 Ταῦ.
613 3152 627 3196 9
655 3150 963 3207 Inrnrtisli.e.1nxnrtes.
1023 3154 1054 3197 11
1082 3151 1169 3198 Anstin

418 3225 483 3281 editi,
501 3221 583 3268 Antias
600 3222 627 3266 11
643 3222 690 3277 12,-
707 3214 871 3287 Ἀσθιανηνὴ
887 3225 954 3283 reyio
972 3224 1096 3268 Ammine
1108 3222 1168 3267 Pro·

418 3309 470 3354 cop.
488 3293 516 3338 de
532 3291 605 3354 aedis.
661 3293 692 3338 12
715 3292 829 3353 Nigrinus
848 3297 918 3340 etiam
940 3293 1010 3349 Tab.,·
1029 3290 1063 3353 cf.
1081 3293 1109 3338 11
1125 3293 1167 3337 12.

421 3368 452 3413 13
475 3365 572 3411 meritus
588 3365 612 3410 B
629 3365 693 3421 editi,
712 3363 805 3411 Mnritis
816 3365 844 3410 11
860 3365 901 3410 12.
950 3366 982 3410 14
1002 3362 1078 3423 signs
1100 3363 1168 3421 Tnb.,·

418 3435 452 3498 cs.
462 3436 488 3482 11
505 3436 546 3482 12.
596 3437 627 3482 16
651 3449 717 3483 sume
729 3437 758 3492 A,
776 3435 978 3482 summeBodin'.
997 3435 1007 3480 11
1026 3435 1168 3494 septentrio-

417 3507 483 3555 mles
491 3507 725 3567 partibusABediti.
763 3508 794 3551 17
814 3506 958 3552 adscribitur
967 3505 1042 3551 editi:
1067 3505 1099 3550 22
1120 3503 1167 3550 Ge·

417 3579 470 3637 lonl
491 3577 564 3627 Gelae
582 3577 645 3625 Plin.
665 3575 737 3634 Ptol.²
756 3571 843 3639 Fqiol
857 3577 955 3635 Dionys.
