2578 4008
295 381 349 435 324
1030 387 1065 434 1v
1084 389 1117 435 4⁶

316 555 329 598 1
368 531 520 618 pelagum
535 529 696 596 Adriatici
711 533 766 615 qui
781 532 957 616 antiquitus
973 531 1119 598 Ionicum

316 657 330 702 2
368 633 497 716 dicitur,
526 645 559 699 et
581 634 699 700 dehinc
722 636 841 702 colfum
862 635 976 700 Italiac
999 644 1033 700 et
1054 636 1120 702 col-

316 761 331 806 a
365 738 434 803 finn
446 735 565 804 Gallici
574 739 737 804 Valerieci
747 738 897 825 Spaniae,
908 761 1010 824 usque
1022 761 1119 825 supra

315 863 331 908 4
369 844 526 928 scriptum
554 844 610 927 qui
639 841 758 906 dicitur
786 840 1117 930 Septcmgadiianum.

316 965 330 1011 o
368 946 410 1012 ad
438 956 563 1033 partem
598 947 684 1010 enim
711 947 994 1032 septentrionalem
1019 946 1118 1012 habet

315 1070 330 1114 c
369 1053 441 1137 ipsa
462 1051 595 1136 Europa
621 1051 719 1114 finem
741 1047 910 1114 Oceanum
937 1051 993 1134 qui
1013 1052 1119 1138 tangit

316 1175 329 1218 7
368 1155 536 1242 Scythiam
564 1156 774 1220 heremosam.
829 1153 907 1218 item
934 1154 1117 1220 Amazonas

315 1278 330 1322 a
366 1282 446 1344 quas
460 1259 517 1341 ibi,
530 1268 703 1344 poscquam
717 1279 865 1344 egressae
880 1267 956 1322 sunt
971 1257 1011 1323 de
1028 1283 1118 1324 mon·

315 1381 330 1424 a
365 1364 453 1429 tibus
469 1361 636 1442 Caucasis,
659 1361 836 1443 antiquitus
855 1361 955 1426 fuisse
968 1363 1117 1450 legimus.

300 1487 331 1532 10
367 1466 573 1554 postmodum
601 1465 708 1552 tangit
734 1466 803 1550 ipse
832 1461 985 1532 Oceanus
1008 1467 1118 1532 Roxo-

300 1593 330 1636 11
365 1573 456 1637 lenos
479 1593 539 1636 nec
559 1593 625 1636 non
639 1567 815 1650 Sarmatas,
836 1571 953 1634 iterum
967 1568 1118 1656 Scythas,

300 1694 331 1739 12
365 1674 571 1763 postmodum
598 1673 798 1738 Rerefennos
833 1682 865 1738 et
891 1671 1118 1755 Serdcfennos,

300 1799 331 1844 13
366 1803 478 1845 verum
517 1780 614 1844 etiam
647 1777 761 1842 Danos
799 1800 926 1842 necnon
961 1775 1118 1858 Saxones,

300 1903 331 1948 14
366 1885 462 1950 etiam
484 1883 647 1948 Frisones.
693 1880 735 1946 ad
755 1890 881 1968 partem
903 1881 1041 1964 denique
1063 1903 1118 1946 oc·

300 2010 330 2055 ιε
368 1987 560 2053 cidentalem
574 1985 673 2052 habet
683 1987 755 2072 ipsa
763 1986 896 2072 Europa
905 1986 1003 2050 finem
1013 1983 1118 2050 Ocea·

300 2116 330 2159 1s
366 2115 443 2156 num
458 2088 585 2156 Galliae
599 2090 764 2178 Belgicae,
786 2113 883 2174 quam
904 2088 1000 2154 modo
1015 2089 1118 2156 Fran-

368 2319 380 2363 1
400 2315 500 2376 pelagus
513 2315 557 2360 AB
570 2316 634 2373 editi,
653 2315 780 2375 prolegum
795 2314 819 2361 0.
857 2316 871 2360 2
891 2315 1005 2375 colphum
1017 2315 1115 2374 wa).

365 2387 528 2446 iscriptuml
541 2387 631 2432 dictum
647 2386 670 2434 C.
698 2389 708 2432 ΙΙ
732 2387 941 2444 septegaditanum
953 2387 984 2432 B.
1021 2387 1031 2432 ΙΙ
1060 2394 1117 2446 poet

365 2457 603 2518 Septemgaditanum
627 2457 645 2504 C
668 2458 724 2503 odd.
748 2459 777 2503 de
796 2457 883 2503 finibus
906 2471 994 2516 europe
1017 2465 1116 2518 aparte

365 2527 554 2589 septentrionali.
632 2531 647 2574 6
675 2528 799 2575 Oceanum
816 2532 873 2585 elo}
893 2528 973 2575 eadem
991 2535 1117 2575 recenseat

370 2600 449 2646 1⁷28.
523 2602 537 2644 7
564 2600 662 2646 sithiam
680 2601 736 2656 AB,
763 2600 868 2659 sythiam
888 2598 912 2646 0.
943 2601 953 2644 ΙΙ
986 2613 1117 2646 eremosam

366 2672 430 2718 edili.
458 2672 468 2715 ll
493 2685 621 2717 amazonas
632 2673 703 2716 etiam
716 2670 744 2728 G,
763 2683 907 2717 amanzonas
919 2671 971 2716 AB.
1021 2673 1035 2716 8
1058 2685 1117 2730 quas

366 2743 414 2799 ibi]
433 2747 490 2788 sunt
501 2742 544 2787 ubi
556 2756 597 2787 ees
609 2743 652 2787 AB
665 2741 728 2786 editi.
785 2743 798 2786 9
818 2742 925 2788 caucasis
934 2743 962 2796 A,
976 2742 1082 2788 caucalis
1092 2741 1115 2799 C,

366 2815 488 2860 caucaseis
498 2809 545 2858 Gls.
578 2815 609 2858 10
623 2817 715 2858 oceanfi
724 2813 908 2869 B,occeanfiA.
947 2813 976 2858 ll
991 2814 1116 2869 scithasA,

366 2885 466 2930 scithiae
484 2884 514 2939 B,
533 2883 657 2942 Scythiam
675 2883 740 2928 editi.
797 2885 827 2928 12
855 2885 949 2929 refenos
969 2881 1015 2940 Gll,
1033 2885 1117 2942 rephc-

366 2969 410 3002 nos
430 2954 468 3000 (Ρ.
495 2954 505 2999 ΙΙ
530 2956 684 3000 cerdefennos
705 2950 750 3008 G‘s,
768 2955 930 3012 cerdephenos
950 2954 989 3009 θ’,
1014 2955 1117 3000 serdese·

366 3041 411 3073 nos
429 3027 459 3072 Β.
537 3027 568 3071 13
593 3031 650 3084 poet
672 3039 764 3070 necnon
785 3025 828 3069 AB
847 3025 902 3070 odel.
926 3040 951 3080 a,
981 3026 1038 3071 editi
1060 3025 1116 3070 aad.

367 3105 399 3143 et·
472 3097 504 3141 14
532 3095 617 3153 etiam]
645 3101 670 3142 et
692 3096 765 3141 etiam
794 3094 817 3141 C.
850 3096 859 3140 11
889 3101 946 3153 poet
967 3096 1077 3142 Frisoncs
1101 3095 1119 3142 C

366 3167 423 3214 add.
442 3168 472 3212 de
489 3166 578 3212 finibus
596 3180 684 3225 europe
702 3167 733 3212 ad
744 3171 837 3224 partem
850 3166 1032 3212 occidentalem.
1049 3168 1059 3214 ΙΙ
1077 3167 1117 3212 dc·

366 3239 452 3297 nique}
475 3251 531 3282 vero
552 3236 576 3284 O.
632 3239 662 3284 15
686 3239 715 3283 16
745 3235 867 3284 Oceanum
886 3235 1115 3297 GalliaeBalgicae]

366 3309 489 3356 Oceanum
509 3309 550 3365 qui
567 3309 647 3368 tangit
665 3308 769 3356 Galliam
786 3307 909 3368 Belgicam
928 3315 952 3354 et
965 3307 1116 3354 Germaniam

372 3379 449 3424 V28.
506 3380 536 3424 16
565 3379 652 3439 gallice
672 3379 695 3437 0,
724 3379 810 3426 bellice
828 3378 898 3425 ΑΒΘ.
