2790 4196
351 572 404 626 138

363 727 383 788 ‘1
571 719 763 786 Corniclano

370 849 384 892 a
572 825 717 890 Anaucis

370 952 384 996 a
571 929 847 1014 Araphilenorum.

369 1057 386 1100 4
465 1031 530 1096 Per
558 1055 654 1115 quam
680 1033 816 1118 patriam
842 1041 1011 1098 transeunt
1032 1035 1169 1120 plurima

370 1163 384 1207 5
421 1134 563 1216 flumina,
584 1137 667 1200 inter
691 1145 797 1200 cetera
819 1158 900 1219 quae
923 1136 1076 1203 dicuntur

370 1268 385 1312 6
570 1239 662 1304 Leon
684 1249 716 1304 et

371 1371 384 1413 7
572 1343 699 1407 Torrca.
761 1335 762 1339 ¹

370 1473 385 1517 a
454 1447 486 1514 5.
530 1445 615 1512 Item
636 1447 726 1510 iuxta
741 1444 908 1512 Oceanum
922 1451 1052 1532 ponitur
1065 1451 1170 1534 patria

370 1577 385 1621 9
422 1573 504 1633 quae
527 1549 644 1614 dicitur
666 1549 840 1635 Aethiopia
860 1551 1059 1634 Biboblatis‚
1086 1575 1168 1636 quae

354 1681 385 1724 10
422 1655 602 1718 coufinatur
623 1674 695 1718 cum
718 1655 864 1738 superius
887 1654 975 1720 dicta
996 1657 1170 1742 Aethiopia

354 1785 384 1828 11
422 1755 674 1822 Garamantium.
719 1757 754 1820 in
776 1779 841 1840 qua
861 1759 1042 1825 Biboblatis
1064 1762 1169 1846 patria

354 1887 385 1931 12
422 1873 472 1928 est
494 1862 583 1926 lacus
607 1861 661 1945 qui
683 1859 802 1925 dicitur
822 1863 963 1951 Tagges.
1009 1887 1091 1948 quae
1112 1889 1169 1950 pa·

354 1990 384 2034 13
420 1967 483 2030 tria
511 1964 587 2030 dum
616 1965 752 2030 multum
774 1966 884 2031 existit
911 1989 1079 2050 caumosa,
1107 1969 1169 2054 ipsi

354 2095 386 2138 14
420 2069 531 2133 Mauri
554 2091 706 2135 cavernas
729 2078 833 2134 terrae
855 2071 1011 2136 habitant.
1049 2073 1170 2156 inqua

354 2199 384 2243 rs
420 2173 525 2258 patria
544 2173 621 2238 litus
636 2170 805 2238 Oceanum
826 2183 923 2258 atque
944 2176 978 2239 in
999 2176 1170 2261 superiori·

354 2302 384 2346 rc
421 2276 482 2341 bus
505 2279 679 2342 maximum
701 2281 798 2360 atque
826 2279 1093 2363 spatiosissimum
1114 2279 1169 2344 de-

355 2406 385 2450 17
421 2389 543 2444 sertum
571 2403 641 2444 esse
670 2380 871 2446 describitur.
915 2384 949 2446 in
978 2405 1042 2466 qua
1065 2383 1170 2468 patria

355 2507 385 2551 18
423 2493 499 2547 sunt
520 2493 645 2548 montes
668 2485 724 2568 qui
746 2484 898 2550 dicuntur
912 2485 1099 2550 Tulliatodi.
1135 2488 1169 2552 in

355 2611 386 2655 19
423 2609 487 2669 qua
508 2587 612 2672 patria
633 2612 697 2653 non
712 2589 809 2676 longe
825 2589 866 2654 ab
881 2587 1014 2654 Oceano
1028 2613 1087 2675 per
1100 2591 1170 2654 lon-

426 2782 437 2824 1
458 2777 602 2825 Corniclann
623 2780 687 2837 Tnb.,
707 2779 877 2826 Corniclanum
894 2779 915 2825 V
930 2781 953 2826 6.
1012 2780 1170 2826 2Anabucis

423 2850 479 2896 aditi
495 2855 522 2895 at
539 2849 590 2894 V6
615 2866 666 2896 eam
687 2851 743 2896 Tab.
762 2857 785 2896 et
802 2853 857 2897 Aac.
929 2852 944 2896 3
971 2850 1171 2910 Arcph'ssenorum

422 2924 492 2968 ctiam
511 2921 561 2966 110
581 2923 595 2966 1
616 2929 638 2968 et
659 2922 723 2979 Tan,
752 2921 953 2982 arephylonorum
970 2923 1000 2979 B,
1032 2921 1095 2968 Arae
1114 2922 1170 2968 Phi-

421 2993 544 3040 laenorum
563 2992 620 3038 aditi
638 3007 690 3038 cam
701 2991 827 3049 calliaco,
845 2990 1034 3050 Arepelonorum
1048 2993 1102 3049 Vc,
1123 2995 1170 3042 Φι-

421 3057 524 3116 totvm
539 3066 633 3129 βωμοί
653 3063 742 3110 Strabo
762 3069 784 3108 aa
802 3061 853 3107 alii.
926 3063 940 3108 6
965 3063 1045 3120 Leon]
1067 3063 1169 3120 Lethon,

421 3137 525 3192 Lathon,
553 3133 639 3180 Ladon
660 3133 724 3179 aliia
790 3135 804 3178 7
826 3138 885 3190 poet
902 3132 987 3180 Torres
1012 3133 1030 3180 C
1051 3135 1119 3180 adda
1141 3136 1170 3180 de

422 3207 531 3264 ethiopia
548 3204 689 3250 biblobatis.
727 3205 741 3248 9
761 3202 893 3250 biblobatis
910 3201 954 3250 Bc
971 3205 1035 3250 editi.
1079 3207 1109 3250 11
1128 3219 1171 3264 ga-

422 3278 543 3324 ramaudis
561 3276 616 3329 AB,
646 3273 798 3321 Garamantis
826 3274 890 3320 editi.
917 3274 927 3318 ΙΙ
954 3274 1086 3322 biblobatis
1110 3274 1173 3322 ABG

423 3348 487 3394 editi.
580 3347 611 3391 12
634 3345 696 3392 licus
716 3345 766 3401 AB,
794 3343 827 3404 cs.
847 3344 922 3390 619.
960 3345 970 3392 ΙΙ
1004 3346 1069 3405 Tage
1093 3347 1108 3390 6
1128 3347 1169 3394 20.

424 3419 455 3464 15
475 3417 566 3465 Oceani
584 3417 648 3462 editi.
714 3417 745 3461 16
764 3416 884 3462 maximus
902 3421 974 3475 atque
992 3419 1112 3475 spatiosus
1130 3419 1171 3463 de-

422 3495 498 3536 sertus
515 3488 560 3534 AB
579 3489 642 3534 editi.
700 3488 730 3533 18
750 3486 839 3534 dicitur
849 3489 877 3534 A.
905 3487 915 3533 11
939 3487 1064 3534 rulliatodi
1077 3490 1103 3546 A,
1123 3488 1170 3534 Tu·

421 3561 506 3607 liatodi
526 3558 541 3601 7
560 3558 584 3603 3.
