2898 4038
581 301 632 356 1⁶4

800 456 907 522 Nabia

600 473 612 517 1

598 574 612 620 a
799 561 917 626 Maura

598 677 613 724 3
800 663 911 731 Getuli

597 781 613 824 4
798 765 922 834 Selitha

520 871 530 890 ⁴
597 886 611 932 1
799 869 971 936 Getulisofi

596 990 610 1034 6
799 971 987 1040 Getulidarr

596 1094 610 1138 7
796 1076 908 1142 Turris
931 1069 1084 1145 Bucouis'

595 1196 610 1242 8
796 1179 921 1246 Paurisi

596 1298 610 1341 9
795 1283 924 1350 Perora.

580 1401 610 1446 ιο
690 1382 783 1466 Quae
813 1389 961 1473 superius
988 1389 1077 1456 dicta
1104 1393 1317 1469 Mauritania
1341 1407 1404 1474 Ga-

579 1505 607 1548 11
646 1487 766 1571 dimna,
789 1513 870 1574 quae
893 1501 925 1556 et
942 1492 1079 1559 barbaro
1094 1497 1190 1564 modo
1205 1502 1347 1575 Abrida
1362 1513 1405 1577 di-

578 1606 608 1650 12
646 1593 739 1673 citur,
768 1595 975 1682 coniungitur
998 1619 1071 1662 cum
1092 1600 1174 1666 freto
1197 1608 1258 1688 qui
1284 1610 1406 1682 dicitur

577 1712 608 1756 13
643 1693 913 1783 Septegaditam,
942 1701 997 1784 qui
1025 1701 1140 1768 dividit
1161 1705 1407 1785 Mauritaniam

576 1815 607 1858 14
643 1798 683 1862 ab
695 1799 864 1885 Hispania,
880 1801 914 1865 id
929 1813 978 1867 est
989 1803 1176 1872 Africanam
1191 1819 1406 1896 provinciam

576 1915 605 1960 15
643 1903 683 1966 ab
694 1902 834 1989 Europa.
866 1927 1031 1988 perquam
1043 1907 1243 1981 Gaditanam
1260 1929 1408 2006 patriam

574 2018 605 2062 16
641 2015 808 2070 transeunt
838 2007 975 2091 plurima
1002 2009 1150 2096 flumina,
1178 2018 1270 2086 inter
1297 2043 1409 2096 cetera

575 2120 605 2164 17
642 2131 723 2191 quae
746 2109 912 2191 dicuntur,
935 2110 969 2174 id
992 2124 1040 2178 est

573 2223 604 2266 18
789 2209 951 2278 Subulous

573 2327 603 2368 19
789 2313 884 2379 Ubus

570 2427 602 2472 20
788 2413 940 2484 Salensis.

641 2644 921 2695 lanabiamaurasse.
966 2655 1072 2701 Yturris
1082 2657 1186 2706 bubonis
1197 2661 1222 2708 C.
1269 2675 1308 2719 10
1333 2678 1413 2735 Quae]

638 2715 679 2772 qui
691 2713 742 2770 AB,
768 2729 814 2773 que
834 2718 857 2764 0.
886 2721 895 2765 ΙΙ
922 2725 1052 2780 gauditana
1071 2728 1122 2773 ΑΒ.
1188 2735 1219 2778 11
1254 2743 1367 2796 abroda
1388 2755 1413 2795 Α,

640 2785 669 2831 13
689 2785 874 2835 mauritanias.
930 2795 961 2837 11
980 2795 1099 2854 hyspania
1113 2797 1136 2855 0,
1161 2801 1264 2861 ispania
1279 2817 1314 2871 A,
1339 2836 1414 2881 vspa.

636 2856 676 2901 nia
691 2856 720 2900 Β.
749 2856 757 2899 ΙΙ
783 2858 1086 2920 affieanaprorinciaAB.
1144 2872 1174 2917 15
1195 2869 1346 2946 patriamp
1359 2907 1415 2951 pm.

635 2928 739 2971 vinciam
749 2927 812 2973 editi.
862 2933 891 2978 16
906 2933 1008 2991 plurima
1017 2944 1142 2986 transeunt
1151 2943 1216 2990 editi.
1268 2957 1306 3003 18
1323 2965 1415 3009 subal.

636 2999 694 3041 chus
715 2995 738 3053 C,
768 2997 847 3047 Subur
867 3003 930 3048 Plia.
950 3005 1012 3052 Pal.
1070 3011 1098 3053 19
1120 3013 1151 3056 20
1176 3016 1369 3080 ubussalensjs
1393 3037 1414 3080 c,

638 3069 667 3112 19
688 3066 770 3124 Ubus]
790 3070 868 3129 differt
886 3090 901 3119 a
915 3082 1098 3132 praenominato
1118 3083 1169 3128 152
1190 3088 1235 3135 18.
1305 3102 1346 3149 20
1372 3106 1415 3152 sa.

634 3137 714 3194 lensis]
735 3136 791 3184 Sala
809 3143 871 3189 Pla.
891 3145 953 3191 Ptol.
982 3149 991 3192 11
1013 3157 1069 3205 post
1082 3149 1187 3201 salensis
1209 3160 1230 3206 C
1248 3167 1335 3219 addit
1358 3191 1416 3235 pro.

634 3207 705 3264 logus
725 3213 833 3258 auctoris.
