2872 4210
366 605 403 658 19

388 777 400 820 1

387 879 402 923 2

388 983 403 1028 9

387 1086 403 1132 4

389 1189 403 1236 5

389 1291 404 1336 6

391 1395 404 1439 7

391 1499 406 1543 8

392 1601 407 1646 9

377 1705 408 1749 10

377 1810 407 1852 11

377 1879 481 1956 12'

377 2017 409 2062 13

378 2121 410 2168 14

379 2224 410 2270 15

380 2332 411 2376 16

381 2437 412 2482 17

382 2537 429 2586 18'

383 2645 414 2690 19

587 747 730 828 Dizanas

588 851 822 938 Tigranocerta

589 952 688 1039 Caspi

590 1057 764 1124 Oudacara

591 1159 721 1226 Gebbin

593 1263 737 1328 Coloana

594 1365 772 1451 Colphiana

593 1466 801 1555 Exagigarda

594 1573 686 1660 Sipte

594 1677 715 1762 Adipte

549 1837 551 1842 .
594 1781 743 1846 Nabarra

595 1871 742 1949 Arsania'

596 1987 744 2055 Sardera.

489 2096 579 2162 Inter
601 2114 697 2178 quam
716 2087 909 2152 Parthorum
930 2086 1066 2171 patriam
1089 2094 1121 2149 et
1141 2083 1197 2148 In-

447 2201 533 2266 diam
554 2197 671 2262 transit
692 2192 807 2256 fluvius
829 2190 987 2254 maximus
1010 2189 1066 2272 qui
1080 2187 1198 2254 dicitur

447 2303 561 2385 Indus,
584 2301 653 2384 qui,
676 2306 713 2360 ut
735 2293 814 2358 dicit
835 2293 957 2357 Paulus
980 2289 1136 2375 Orosius,
1163 2292 1197 2355 in

448 2430 535 2473 mare
550 2403 698 2470 Rubrum
715 2395 908 2484 ingreditur3
932 2396 1030 2459 ceteri
1051 2419 1127 2460 vero
1150 2393 1198 2458 di-

451 2518 529 2575 cunt
551 2504 638 2590 quod
659 2505 693 2567 in
706 2501 874 2565 Persicum
896 2499 1014 2564 oolfirm
1027 2499 1198 2585 mergitum

451 2621 592 2677 attamen
608 2609 726 2674 scimus
742 2603 829 2689 quod
842 2604 876 2667 in
890 2601 1100 2668 meridianum
1117 2625 1200 2666 mer-

454 2813 467 2856 1
497 2809 595 2869 dicanas
612 2807 642 2864 B,
669 2805 781 2864 Dyzanas
803 2802 867 2862 Tot„
894 2799 963 2862 infra
981 2815 1034 2860 cup.
1043 2800 1076 2845 10
1095 2802 1200 2845 recurrit

452 2881 565 2928 Dizanas.
637 2879 651 2923 2
679 2876 860 2934 Tigranocerta]
888 2873 1089 2932 Tygranocertam
1112 2871 1139 2915 ΙΙ
1157 2870 1200 2914 10.

454 2954 469 2998 3
489 2950 591 3010 Caspiae
617 2948 672 2995 rat.
717 2947 734 2992 4
760 2945 889 2992 Undacara
906 2943 969 2988 editi.
1018 2941 1031 2988 5
1059 2941 1149 3000 gbebin
1170 2941 1199 2999 B,

455 3021 542 3069 Glebin
555 3021 618 3066 editt.
657 3021 671 3065 6
691 3016 814 3065 Colchana
826 3016 883 3062 editi
892 3027 944 3058 cam
957 3011 1020 3068 Tau,
1031 3009 1099 3071 infra
1109 3011 1200 3069 oop.10

455 3092 610 3141 Colchanam.
686 3090 701 3135 8
729 3087 869 3146 etagigarda
886 3084 919 3140 A,
955 3081 1120 3139 Egsagigarda
1137 3081 1201 3127 editi.

456 3167 470 3212 9
495 3163 578 3223 sipon
596 3162 661 3218 editi,
686 3157 752 3205 Sitae
773 3157 828 3202 rat.
884 3155 916 3199 10
938 3151 1027 3209 Adipte
1045 3153 1115 3197 etiam
1137 3152 1201 3208 Tau,

453 3235 558 3294 Adiptae
581 3233 645 3279 editi.
719 3230 749 3274 11
778 3225 882 3272 Nararra
904 3221 968 3277 Tot„
995 3214 1116 3292 Νάβαρις
1137 3221 1201 3269 Ptol.

457 3307 489 3354 12
516 3305 613 3352 Arsinia
633 3301 698 3357 Tota,
716 3296 793 3358 es.49
813 3295 854 3341 15.
929 3294 961 3338 14
989 3296 1073 3350 quaml
1097 3307 1155 3352 quas
1172 3295 1201 3340 Δ.

454 3377 595 3436 ltpartorum
612 3373 642 3419 B.
714 3369 747 3416 16
775 3365 816 3424 qui
834 3378 879 3410 orn
897 3364 927 3408 Β.
955 3363 964 3408 ΙΙ
989 3361 1077 3410 Paulus
1095 3362 1202 3420 Orosius]

456 3447 510 3495 istst.
529 3446 544 3492 1
560 3443 576 3490 2
590 3457 650 3503 pay.
660 3438 693 3485 13
710 3438 813 3485 Huverc.
868 3435 899 3480 17
925 3447 989 3480 mara
1005 3434 1077 3480 rubro
1096 3433 1125 3491 Β,
1144 3435 1203 3480 mari

455 3518 538 3565 Rubro
556 3515 620 3561 editi.
687 3511 719 3556 18
743 3505 839 3552 oolfium
856 3505 885 3552 A.
903 3505 913 3550 ΙΙ
933 3505 1053 3564 mergitur]
1072 3505 1204 3564 ingreditur

456 3587 521 3633 editi.
594 3585 626 3630 19
644 3579 772 3640 mergitur]
790 3577 897 3637 uergitur
913 3577 942 3623 A.
