2562 3996
169 420 251 456 anno
271 411 303 455 50
331 375 335 382 ¹
939 408 991 464 437

191 579 198 621 1
390 553 569 620 Genusium
655 591 658 598 .

188 681 201 724 2
389 657 598 723 Severianum
642 682 723 743 quae
767 683 853 726 nunc
892 660 991 726 Mons

188 784 201 828 3
239 758 412 826 Scabiosus
435 761 554 827 dicitur

187 864 202 931 4'
391 863 506 930 Castra
524 865 717 932 Hannibalis
741 890 822 951 quae
837 867 992 934 Materies

187 991 200 1036 t
237 968 355 1034 dicitur

188 1095 201 1140 6
389 1073 505 1140 Murus

188 1200 200 1242 r
387 1178 523 1244 Botrum
545 1201 698 1266 magnum

187 1304 202 1348 a
389 1282 619 1348 Mesochorum
657 1305 753 1366 quam
786 1281 992 1350 Seriohorum

188 1407 201 1451 9
239 1397 387 1473 corrupte
410 1385 522 1450 dicunt

171 1510 201 1553 10
391 1489 516 1554 Bantea

172 1613 202 1657 11
389 1591 513 1656 Nidum
529 1595 617 1658 corvi
639 1616 720 1677 quae
739 1604 788 1660 est
802 1595 994 1664 Acerrentia

172 1716 202 1760 12
391 1693 606 1760 Grumentum
635 1720 717 1780 quae
746 1698 887 1764 dominio
917 1721 993 1764 con·

172 1820 202 1864 13
240 1802 341 1866 finata
363 1809 413 1864 est
435 1820 508 1862 cum
531 1799 683 1864 Tarento.

172 1925 202 1968 14
272 1903 326 1971 50.
371 1902 454 1966 Item
469 1905 560 1967 iuxta
575 1901 712 1969 Romam
727 1905 780 1968 via
795 1904 929 1969 Aurelia
944 1913 993 1970 est

173 2028 201 2073 15
240 2009 353 2073 civitas
377 2030 459 2092 quae
483 2006 601 2072 dieitur

170 2132 201 2176 16
388 2111 509 2176 Lorion

171 2237 200 2280 17
389 2217 488 2302 Pirgo

171 2342 201 2386 18
388 2322 577 2408 Aquepirgo

170 2447 201 2490 19
388 2425 599 2508 Tarquinium

274 2581 365 2626 codices
384 2577 456 2638 bfmr.
586 2593 606 2623 a.
620 2579 635 2622 8
647 2592 682 2638 aq.
702 2575 735 2637 cf.
749 2577 808 2623 Rau.
822 2576 872 2622 284
893 2575 956 2635 2aq.

244 2688 253 2730 1
275 2683 415 2740 Genusiuml
429 2683 545 2730 Genuaini
557 2683 630 2741 Pla„
648 2697 710 2728 uuna
724 2681 821 2729 Ginoaa.
889 2682 906 2727 4
924 2681 993 2727 hani-

238 2753 301 2801 balis
318 2769 363 2811 mr,
392 2754 512 2800 annibalis
530 2752 565 2814 bf.
602 2755 632 2800 ab
655 2753 691 2799 hia
711 2752 802 2800 Castris
826 2753 921 2798 diversa
937 2758 993 2798 aaut

239 2825 324 2872 Castra
345 2825 427 2870 Aniba
453 2824 556 2872 Tabulae
584 2824 685 2884 (Castra
707 2823 797 2869 Anibal
818 2821 992 2882 Ravennatia);

238 2910 312 2956 neque
332 2909 433 2954 prorsus
456 2897 563 2942 convenit
584 2895 699 2942 Annibali
721 2893 824 2940 Tabulae
843 2893 953 2953 (Aniaba
969 2898 993 2938 et

239 2967 327 3014 Anival
345 2967 512 3024 Ravennatis).
536 2967 546 3012 il
572 2971 678 3012 matanaa
690 2963 721 3026 f‚·
739 2980 794 3010 num
811 2961 942 3012 maceries?
960 2978 992 3008 au

239 3053 298 3098 quae
315 3053 377 3084 naue
394 3044 494 3084 vocatur
511 3033 620 3084 Matera?
680 3037 694 3081 6
722 3035 816 3092 Murus]
834 3049 896 3080 nunc
913 3033 991 3080 Muro.

240 3112 254 3155 7
282 3110 441 3168 botrbmagna
463 3123 508 3165 mr,
536 3109 632 3154 botrum
651 3120 738 3166 magna
757 3107 778 3152 b.
842 3107 857 3152 8
885 3119 992 3152 mesoca-

238 3195 290 3226 rum
308 3195 353 3225 mr.
385 3179 395 3225 ΙΙ
424 3179 554 3226 sericorum
567 3177 629 3239 smr.
704 3179 827 3224 102111
857 3175 992 3221 nonhabet

238 3251 370 3297 Rauennae.
447 3252 477 3296 10
506 3250 612 3306 Banteal
635 3262 697 3294 nuuc
720 3247 745 3296 S.
763 3248 842 3296 Maria
864 3247 889 3292 di
907 3246 990 3292 Banzi.

242 3325 270 3368 11
292 3319 458 3381 acerreneias,
478 3321 686 3368 lodiaAeerenza.
743 3320 773 3365 12
797 3319 936 3366 confirmata
947 3331 991 3375 mr,

240 3393 354 3440 confinita
366 3391 391 3452 f.
450 3393 481 3438 14
508 3405 575 3438 roma
593 3406 614 3436 r.
674 3393 701 3436 lu
733 3390 896 3448 tranquinium
914 3403 944 3434 m.
