2578 4008
179 371 234 418 Vl
947 363 999 418 331

200 541 209 584 1
250 517 316 582 rius
344 515 596 596 nominabimus,
625 516 701 598 quia
726 537 826 580 unum
854 526 887 577 et
913 511 1000 580 idem

197 643 212 688 a
251 621 451 706 significant,
481 618 625 702 quamvis
653 617 788 684 diversis
816 615 998 682 nominibus

197 747 211 791 a
249 732 484 809 nuncupentur.
523 715 610 806 quod
631 721 704 787 ideo
728 745 747 786 a
768 720 862 786 nobis
877 721 999 786 factum

196 853 211 896 4
249 835 309 908 est,
332 828 408 910 quia
429 827 574 891 homines
597 823 732 890 diversis
753 824 920 890 vocabulis
942 823 999 888 ab·

196 955 210 1000 a
248 939 398 1011 utuntur,
425 930 521 995 sicuti
549 953 618 996 mos
647 929 775 994 illorum
804 937 854 994 est
883 937 915 992 et
937 928 999 994 lin·

196 1060 210 1103 e
249 1057 384 1120 guarum
421 1033 600 1099 diversitas.
663 1057 738 1098 nam
772 1033 868 1098 sicuti
903 1031 998 1098 divisi

196 1163 210 1207 r
248 1147 323 1203 sunt
345 1138 489 1203 homines
518 1139 552 1202 in
574 1137 674 1219 faeie,
704 1139 750 1202 ita
775 1137 940 1201 hominum
966 1144 998 1202 et

195 1266 209 1310 s
249 1241 413 1306 civitatum
451 1239 606 1306 dividitur
641 1241 779 1324 loquela.
847 1241 998 1306 nimirum

195 1369 209 1413 9
247 1367 409 1428 nunquam
439 1346 556 1410 etenim
584 1345 646 1410 nisi
670 1367 747 1410 casu
772 1345 888 1410 faciem
911 1343 998 1408 simi-

178 1469 209 1516 10
246 1449 321 1530 lem,
351 1449 512 1532 loquelam
535 1448 670 1514 eandem
691 1449 726 1514 in
747 1445 931 1514 hominibus
954 1447 999 1510 ei·

179 1574 208 1618 11
246 1554 382 1618 vitatum
397 1551 597 1616 diversarum
612 1553 762 1638 reperies.
801 1560 999 1616 revertamur

180 1675 209 1720 12
246 1657 346 1743 igitur
368 1654 410 1720 ad
421 1655 578 1726 ,civitates
602 1655 692 1720 iuxta
706 1656 802 1720 litora
815 1656 916 1720 totius
932 1677 999 1718 ma-

179 1780 209 1825 1a
246 1761 291 1826 ris
319 1759 430 1846 magni
453 1757 636 1842 supradicti
661 1760 784 1844 positas
812 1769 844 1824 et
867 1781 921 1826 eas
943 1757 999 1822 de-

179 1883 210 1928 14
246 1864 421 1951 signemus.

179 1987 209 2032 15
278 1967 309 2035 2.
355 1965 478 2030 Iterum
500 1973 550 2030 est
577 1966 690 2031 civitas
714 1961 873 2031 Columna
894 1962 999 2050 Regia

178 2089 209 2133 16
397 2063 555 2134 Arciades

179 2195 209 2238 17
396 2173 559 2239 Tauriana

178 2299 209 2343 18
397 2277 526 2342 Vivona
547 2276 700 2342 Valentia

179 2402 209 2446 19
397 2382 511 2446 Tenna

144 2501 146 2504 ’
177 2503 209 2548 ao
400 2486 542 2571 Tempsa

247 2650 262 2696 5
282 2651 346 2704 moal
359 2661 404 2695 noa
418 2646 442 2694 0.
500 2649 531 2694 12
549 2648 632 2696 littora
652 2647 676 2694 0.
733 2650 763 2694 17
779 2648 999 2708 postdesignemus

248 2717 339 2768 cada.
364 2718 476 2765 civitates
500 2719 545 2765 iste
569 2723 658 2765 sunto
681 2725 763 2776 etx1;
791 2725 813 2764 et
834 2720 869 2764 aie
891 2718 999 2778 deinceps

246 2805 298 2851 usq.
311 2789 344 2836 od
356 2803 377 2836 e.
388 2788 421 2836 16
435 2791 556 2836 civitatum
566 2803 686 2836 numanam
699 2792 769 2836 etiam
780 2792 805 2836 ia
817 2791 884 2835 initio
896 2792 999 2848 capitam

242 2863 314 2920 ponit
334 2859 360 2907 G.
421 2860 452 2907 15
481 2865 517 2906 est
535 2873 580 2906 om.
599 2861 643 2906 AB
662 2861 725 2906 aditi.
762 2861 772 2906 ll
802 2866 859 2918 pona
877 2859 1001 2908 civitas&

247 2932 303 2978 add.
322 2933 412 2978 idest.
440 2931 450 2977 ΙΙ
476 2929 596 2978 Columna
615 2931 690 2990 Regia
712 2933 783 2976 etiam
801 2931 853 2976 263
872 2928 906 2976 12
929 2937 951 2977 et
970 2931 997 2990 G,

246 3001 383 3062 Colnmpaa
401 3003 479 3062 Regia
501 3003 546 3048 AB
568 3002 632 3047 editi.
698 3003 728 3047 16
756 3001 866 3048 Areiadis
885 3001 997 3048 26313.

211 3115 214 3120 .
248 3075 279 3121 17
310 3073 430 3120 Tauriana
452 3074 522 3118 etiam
541 3072 593 3118 263
611 3073 654 3118 u.
690 3072 700 3118 ll
730 3078 788 3130 peel
805 3072 924 3118 Tauriana
940 3087 999 3120 ooa-

245 3143 315 3190 aulla
332 3144 401 3190 addat
420 3144 448 3190 G.
508 3145 552 3190 Ἰ18
583 3143 680 3189 Vibona
690 3143 804 3189 Valentia
821 3143 885 3200 editi,
904 3143 999 3192 Bibona

246 3215 358 3262 Bolentia
380 3215 430 3260 264
450 3214 474 3272 3,
503 3214 595 3261 biboua
616 3213 722 3260 valentia
746 3213 773 3259 G.
847 3215 878 3260 19
906 3215 999 3262 Tanum

248 3287 298 3332 264
319 3286 343 3342 d,
366 3291 440 3332 tenuo
461 3285 487 3332 G.
552 3285 584 3330 20
612 3284 715 3346 Tempsa
733 3287 804 3331 etiam
823 3283 873 3333 264
893 3286 909 3332 5
929 3293 951 3332 et
970 3287 997 3346 G,

247 3363 324 3405 temsa
341 3357 385 3402 AB
403 3356 467 3404 editi.
