2872 4210
215 351 225 396 1
242 351 257 396 2
553 369 556 378 ¹
1039 351 1058 407 5

231 521 243 563 1
286 507 363 579 cet,
384 499 442 582 qui
457 497 544 584 apud
554 498 710 562 humanos
720 520 849 584 gressus
860 499 949 563 nullo
961 498 1058 564 modo

231 625 245 669 ι
284 609 395 666 totus
406 601 620 687 perambulari
630 602 800 666 invenitur.
822 625 898 666 narn
914 600 957 666 ad
971 603 1059 668 fron-

231 727 246 770 ι
285 715 370 769 tem
397 705 539 771 eiusdem
553 703 666 770 Indiae
683 705 802 770 Persae
824 706 1002 787 inferiores,
1024 704 1060 770 id

231 831 247 874 4
289 819 351 873 est
370 809 497 889 Parthi,
515 808 768 890 comminantur,
783 808 842 874 sed
857 817 889 872 et
904 808 986 872 aliae
1002 830 1060 871 na-

231 933 246 977 ι
287 913 411 978 tiones
426 912 530 977 eidem
544 910 656 976 Indiae
678 913 987 997 appropinquantem
1010 911 1059 975 in-

234 1039 249 1082 s
290 1025 353 1080 ter
372 1039 452 1100 quas
467 1025 500 1080 et
514 1016 739 1102 Agarenorum
753 1017 869 1080 transit
884 1014 975 1079 brevi
991 1037 1059 1079 ere-

233 1141 250 1186 7
291 1141 395 1182 mum
417 1117 552 1182 Madian
573 1117 757 1184 Nabathaei
780 1119 900 1184 olitana
920 1119 1035 1205 patria.

237 1245 253 1289 a
348 1219 502 1286 Secunda
521 1232 558 1287 ut
579 1223 657 1287 hora
672 1221 736 1286 diei
751 1222 923 1288 Persarum
939 1232 989 1288 est
1002 1246 1060 1308 pa-

238 1349 254 1392 a
293 1325 379 1406 tria,
394 1326 429 1388 in
444 1347 508 1408 qua
523 1351 563 1391 ex
575 1325 707 1392 Oceano
723 1349 865 1391 summae
880 1326 981 1412 partis
993 1348 1060 1390 me·

225 1451 257 1496 ιι
296 1429 450 1493 ridianae
461 1431 624 1516 pertinens
635 1431 793 1495 maximus
805 1431 895 1495 sinus
904 1429 1059 1519 Persicus

226 1557 257 1602 ιι
298 1533 489 1598 ascribitur.

229 1660 260 1704 ιι
351 1637 464 1701 Tertia
491 1647 528 1701 ut
560 1636 639 1700 hora
666 1635 730 1700 diei
758 1635 943 1700 Araborum
976 1659 1059 1720 quae

229 1763 263 1808 ιι
301 1749 452 1804 aromata
478 1740 600 1825 profert
630 1749 679 1804 est
709 1742 829 1825 patria,
863 1741 897 1804 in
926 1761 991 1823 qua
1019 1762 1060 1804 ex

232 1865 263 1910 14
303 1840 442 1908 Oceano
464 1843 639 1908 meridiano
660 1844 824 1927 pertinens
839 1844 998 1908 maximus
1017 1844 1060 1908 si:

234 1967 265 2012 rs
301 1969 381 2028 nus,
410 1947 466 2030 qui
495 1956 527 2010 et
548 1971 636 2011 mare
657 1946 806 2012 Rubrum
835 1946 1059 2029 conscribitur,

234 2074 264 2118 re
302 2049 470 2114 Arabicus
493 2073 563 2115 esse
586 2050 713 2115 dicitur.

236 2177 265 2221 ιι
354 2151 478 2234 Quarta
500 2163 536 2218 ut
558 2154 637 2218 hora
652 2153 716 2218 diei
730 2153 928 2240 Aethiopum
944 2155 1060 2222 Auxu-

234 2279 265 2324 rs
303 2258 501 2322 mitanorum
524 2255 713 2322 Candacissi
737 2267 769 2322 et
784 2256 1058 2344 Troglodytorum

236 2383 266 2427 ιι
304 2369 358 2424 est
380 2362 497 2445 patria3
526 2362 560 2425 in
583 2383 647 2448 qua
668 2362 759 2425 iuxta
782 2360 908 2425 deserta
931 2371 964 2426 et
990 2385 1060 2426 are-

234 2484 265 2530 20
302 2487 388 2528 nosa
414 2465 502 2546 loca,
532 2487 613 2549 quae
642 2487 707 2528 non
735 2464 831 2551 longe
860 2465 900 2529 ab
925 2463 1058 2531 Oceano

236 2590 264 2635 ιι
303 2568 371 2632 sita
392 2578 477 2650 sunt,
505 2569 662 2632 maximus
689 2569 778 2632 lacus
802 2569 964 2632 invenitur
986 2569 1059 2634 Nu·

235 2696 265 2741 ιι
303 2671 420 2753 saclis,
448 2695 507 2756 per
536 2693 631 2756 quem
660 2673 775 2735 transit
803 2671 920 2736 fluvius
948 2672 1057 2737 Nilus.

304 2815 318 2860 1
340 2813 383 2870 qni
397 2827 441 2858 om.
451 2815 480 2858 A.
531 2813 736 2860 tinuenietnrA.
782 2816 919 2873 apersiA.
966 2816 980 2862 6
1002 2829 1059 2875 aga-

300 2884 424 2930 rienorum
435 2885 465 2935 A,
483 2883 493 2929 ΙΙ
509 2884 589 2930 brevis
602 2883 665 2930 editt.
684 2885 694 2930 ΙΙ
710 2885 831 2932 heremum
840 2886 868 2942 A,
889 2899 981 2932 eremus
993 2887 1056 2936 editt.

303 2955 318 3002 7
349 2951 457 3000 olithana
474 2956 503 3000 A.
558 2955 572 3002 9
600 2955 682 3013 partie]
700 2961 781 3014 patras
798 2957 828 3002 A.
884 2957 914 3002 ll
944 2957 1060 3003 adscribi-

301 3031 345 3070 tur
359 3025 381 3070 A
400 3024 473 3070 Gron.
487 3025 510 3072 2.
585 3025 615 3070 17
644 3027 776 3086 ethyopum
794 3027 844 3084 AB,
865 3033 887 3072 et
904 3029 939 3074 stc
956 3029 1056 3086 saeptus.

301 3095 312 3142 ΙΙ
321 3100 365 3141 aut
375 3097 580 3142 suminatanorum
594 3096 641 3150 AB.
689 3098 720 3143 18
739 3096 950 3156 triagliodytornm
961 3099 990 3156 A,
1009 3104 1058 3145 tro-

300 3165 466 3226 gliodytorum
477 3167 508 3214 B.
571 3168 603 3214 11
632 3173 686 3214 ante
698 3167 887 3214 maximusBet
899 3169 956 3216 editi
967 3169 1059 3215 addunt

301 3243 335 3284 et.
354 3238 365 3284 ΙΙ
380 3237 500 3295 Nusaclis]
514 3252 621 3297 nnsap..
645 3237 700 3284 Tot.
773 3238 805 3284 22
829 3252 958 3298 perquem
972 3241 1059 3287 nonsit

301 3309 392 3356 fluvius
404 3307 482 3365 Nilus]
497 3321 623 3368 perquem
636 3307 707 3354 Nilus
721 3309 807 3364 nonsit
828 3309 884 3356 Tab.
